3224 4946
739 315 948 375 ..75-

589 537 617 596 7.
655 533 711 597 De
736 535 848 598 exitu
871 533 1107 600 hexametri.

367 654 500 735 Restat,
530 661 565 717 ut
593 655 749 718 nonnulla
772 653 872 718 verba
894 655 1012 718 faciam
1042 655 1081 720 de
1106 655 1234 740 legibus
1263 677 1282 718 a
1311 655 1414 720 Paulo

281 759 314 821 in
338 764 480 822 exeunte
508 779 607 822 versu
638 758 830 822 observatis.
875 757 961 822 Nam
984 757 1059 822 huic
1082 780 1210 844 quoque
1235 760 1415 824 hexametri

282 861 351 924 sedi
373 861 524 926 Nonnum
548 867 654 925 certas
680 861 887 925 condiciones
912 863 1105 947 imposuisse
1130 885 1194 927 non
1217 862 1414 944 mirabimur,

281 986 355 1028 cum
384 965 448 1028 iarn
477 965 607 1050 saepius
638 986 754 1028 novam
786 966 995 1030 severitatem
1025 965 1120 1029 huius
1148 971 1265 1052 poetae
1291 987 1412 1050 cogno-

281 1069 466 1147 verimus¹).
512 1067 643 1132 Revera
666 1073 774 1132 autern
798 1068 858 1132 bas
887 1069 1055 1134 exstitisse
1080 1078 1113 1134 et
1145 1071 1247 1133 multo
1276 1070 1415 1134 artiores

282 1194 378 1258 quam
403 1173 489 1257 apud
513 1173 717 1257 antiquorum
741 1178 924 1258 temporum
949 1180 1061 1259 poetas
1076 1175 1301 1259 unusquisque
1318 1174 1415 1238 intel·

280 1277 370 1360 leget
409 1275 604 1361 comparatis
639 1275 767 1340 circiter
812 1282 1030 1340 trecentorum
1070 1298 1222 1341 versuum
1260 1277 1415 1342 clausulis

284 1379 421 1443 Homeri
438 1401 510 1443 cum
528 1379 642 1443 eadem
658 1378 865 1442 multitudine
882 1401 1034 1443 versuum
1050 1379 1168 1444 Nonui.
1210 1379 1319 1464 Atque
1343 1380 1415 1444 dili-

281 1483 482 1568 gentissime,
507 1489 543 1546 ut
566 1483 681 1563 solent,
706 1482 963 1546 observaverunt
986 1483 1070 1548 huno
1093 1505 1188 1548 usum
1208 1483 1416 1549 Ludwichius

282 1593 314 1650 et
336 1586 489 1672 Meyerus
499 1587 536 1673 ²).

368 1706 512 1770 Primum
530 1705 616 1770 enim
632 1706 955 1771 animadvertendum
978 1713 1028 1772 est
1042 1707 1193 1772 Nonuum
1215 1709 1415 1774 trochaicum

283 1831 396 1874 versus
421 1811 560 1890 exitum,
584 1817 739 1896 quantum
763 1811 877 1896 potuit,
900 1811 1034 1890 vitasse,
1058 1813 1234 1898 praecipue
1258 1835 1336 1877 vero
1359 1835 1416 1877 vo-

283 1915 402 1979 cabula
423 1916 598 1981 trochaica.
643 1914 758 1999 Neque
782 1915 883 1999 igitur
905 1915 1031 1995 mirum,
1061 1915 1145 2001 quod
1168 1915 1254 2002 apud
1278 1917 1416 1982 Paulum

283 2040 410 2104 quoque
438 2025 505 2083 tam
533 2040 606 2082 raro
638 2019 809 2082 trochaeus
844 2019 877 2082 in
907 2040 1022 2084 versus
1047 2020 1137 2084 exitu
1160 2020 1325 2085 adhibitus
1349 2026 1416 2096 est;

282 2146 357 2187 nam
381 2145 453 2187 cum
477 2123 509 2186 in
525 2124 613 2187 mille
638 2123 705 2186 fere
722 2123 869 2187 versibus
887 2122 1084 2209 spondaioae
1103 2125 1270 2190 clausulae
1288 2125 1416 2189 obviam

268 2227 377 2305 hant,
400 2227 440 2310 in,
466 2229 506 2290 60
519 2225 546 2308 ³)
580 2226 755 2289 trochacus
779 2225 1005 2289 hexametrum
1040 2225 1163 2293 claudit
1195 2229 1344 2312 exceptis
1369 2229 1416 2292 eis

283 2331 453 2407 clausulis,
483 2351 567 2414 quae
597 2327 831 2414 monosyllabis
860 2328 1054 2393 efficiuntur.
1106 2329 1145 2393 ln
1168 2330 1218 2393 his
1242 2335 1351 2394 autem
1375 2335 1416 2394 60

283 2433 432 2498 versibus
462 2434 559 2520 paulo
589 2433 720 2518 saepius
744 2431 921 2510 voeabula,
955 2454 1039 2518 quae
1067 2433 1221 2498 trochaeo
1245 2434 1416 2518 exeunt4),

283 2559 379 2622 quarn
403 2537 476 2622 ipsa
499 2537 600 2601 verba
613 2537 779 2600 trochaica
796 2537 947 2620 legimus.
992 2536 1099 2622 Atque
1116 2536 1230 2601 eadem
1254 2537 1294 2602 dc
1319 2559 1416 2623 spon-

283 2640 384 2704 daicis
408 2641 562 2704 clausulis
587 2639 872 2704 commemoranda
895 2645 979 2704 sunt.

372 2763 436 2826 Sed
453 2763 518 2832 iarn
542 2762 582 2827 de
599 2763 679 2848 ipsis
696 2761 803 2826 verbis
821 2760 984 2846 agendum
1008 2765 1068 2842 est,
1087 2782 1169 2846 quae
1186 2762 1415 2828 hexametrum

284 2866 450 2933 claudunt.
494 2867 544 2930 Ac
573 2867 712 2952 primum
742 2864 872 2950 quidem
900 2865 1006 2950 legem
1035 2887 1054 2928 a
1077 2863 1268 2930 Ludwichio
1293 2867 1415 2930 consti-

284 2976 386 3034 tutam
403 2969 584 3050 laudamus,
609 2989 673 3054 qua
689 2968 925 3032 demonstravit
940 2965 1057 3051 (Belo.
1081 2990 1112 3054 p.
1131 2971 1167 3030 71
1188 2969 1273 3055 sqq.)
1297 2970 1416 3033 vitatas

284 3095 358 3138 esse
389 3073 531 3158 syllabas
562 3073 676 3136 finales
707 3097 774 3152 -ις,
804 3097 866 3152 -ιν,
899 3097 966 3152 -υς,
995 3097 1070 3152 -ov,
1102 3094 1236 3157 quarum
1265 3094 1420 3136 mensura

285 3177 385 3240 dubia
408 3184 504 3240 esset.
551 3177 642 3250 Quae
666 3197 739 3239 oum
763 3175 849 3261 apud
864 3175 1017 3239 Nounum
1041 3198 1174 3261 perraro
1198 3177 1231 3240 in
1248 3176 1418 3262 disyllabis

284 3279 510 3360 admittantur,
545 3302 564 3343 a
594 3280 697 3343 Paulo
728 3279 811 3343 duae
841 3279 1038 3343 adhibentur
1067 3279 1138 3344 sine
1171 3279 1268 3344 dubio
1303 3285 1420 3343 natura

283 3383 418 3468 longae:
448 3382 482 3447 ΙΙ
500 3386 560 3446 253
584 3375 678 3460 ἀκτίς
705 3388 737 3447 et
767 3382 801 3445 ΙΙ
818 3385 879 3446 308
904 3375 998 3468 ἆψίς.
1023 3420 1063 3428 -
1094 3381 1148 3446 Ex
1172 3383 1417 3469 epigrammatis

285 3487 345 3550 hos
362 3487 451 3550 locos
468 3487 616 3550 enotavi:
641 3485 673 3549 X
687 3489 734 3568 15,
750 3491 768 3550 2
784 3480 889 3570 χάρις.
933 3485 980 3550 VI
996 3489 1046 3566 54,
1061 3491 1079 3549 4
1095 3483 1196 3567 χέλυς.
1220 3491 1302 3568 84,4
1319 3483 1418 3573 γένυς.

284 3591 335 3655 ΙΧ
353 3593 424 3671 764,
445 3593 456 3652 l
485 3583 592 3671 ἰχθύν.
637 3587 667 3653 V
685 3592 756 3671 275,
774 3593 793 3654 9
817 3597 850 3654 et
873 3589 922 3653 VI
939 3592 989 3669 75,
1010 3593 1022 3651 l
1049 3585 1182 3656 πουλύν.

374 3834 393 3898 ¹)
412 3831 521 3884 Primus
544 3831 579 3884 de
604 3831 657 3884 hac
678 3848 707 3884 re
731 3829 863 3884 disseruit
888 3830 1015 3884 Struvius
1038 3831 1066 3884 iu
1092 3831 1288 3884 dissertatione
1313 3849 1420 3902 semper

285 3917 426 3972 laudanda
445 3919 512 3984 (,‚De
534 3917 611 3971 exitu
631 3935 759 3971 versuum
785 3917 815 3970 iu
833 3917 927 3971 Nonni
947 3917 1134 3971 carminibus‘·
1154 3917 1312 3986 Regimout.
1334 3919 1419 3984 1834).
1452 3920 1457 3928 '

373 4007 395 4072 ²)
414 4005 453 4058 Ct'.
464 4004 606 4059 Ludwich.
617 4005 699 4059 Beitr.
712 4023 739 4073 p.
749 4004 784 4059 60
796 4004 859 4058 adn.
871 4007 935 4074 etp.
950 4005 979 4058 ll
989 4023 1048 4073 sqq.
1077 4003 1178 4069 Meyer.
1190 4003 1207 4056 l.
1219 4004 1235 4056 l.
1249 4023 1275 4072 p.
1288 4007 1419 4074 1010sqq.

285 4091 451 4145 Volkmann.
473 4092 490 4144 l.
509 4091 526 4143 l.
545 4110 571 4160 p.
582 4092 615 4144 27
626 4109 685 4158 sqq.
705 4093 756 4145 ete.

373 4181 393 4246 ³)
413 4179 511 4246 Neque
530 4195 595 4232 vero
614 4177 706 4246 recepi
724 4177 753 4230 in
772 4177 846 4231 hunc
864 4195 1009 4231 numerum
1023 4176 1169 4240 clausulas,
1189 4193 1261 4244 quac
1281 4194 1309 4228 ra
1327 4181 1378 4232 aut
1394 4197 1421 4230 oc

285 4262 468 4334 diphthongis
486 4264 652 4319 efficiuntur.

373 4352 394 4418 4)
413 4351 495 4418 Apud
519 4351 651 4404 Nonnum
676 4353 748 4404 teste
775 4351 887 4418 Meyero
913 4353 950 4418 (p.
971 4349 1047 4414 1011)
1077 4345 1162 4400 verba
1187 4348 1317 4403 trochaeo
1341 4351 1421 4405 linita

285 4435 399 4489 omuino
417 4453 473 4489 non
491 4436 629 4489 inusitata
647 4439 720 4490 sunt.
