3252 4954
707 351 899 410 ..7..

236 528 334 607 atque
351 522 563 598 humanitate,
578 521 644 584 tale
658 542 776 585 munus
791 519 979 584 mandatum
993 527 1051 584 est.
1097 521 1180 585 Nam
1194 521 1375 588 eruditione

237 647 364 712 quoque
407 646 481 689 eum
518 625 724 710 praestitisse
758 627 843 689 inter
878 626 1032 710 aequales
1064 624 1228 709 Agathias
1267 628 1376 691 verbis

236 725 325 813 ὅμως
339 725 482 796 παιδεία
499 751 533 814 γε
545 721 701 816 αὐτῷκαὶ
714 725 818 816 λόγων
832 721 968 815 ἄσκησις
981 723 1224 795 διεσπούδαστο
1241 730 1376 795 demon-

237 839 368 898 stratur.
422 831 512 906 Quas
541 832 655 896 laudes
686 834 808 918 optima
837 832 901 896 fide
931 831 1036 896 dictas
1066 853 1140 896 esse
1177 854 1273 897 nemo
1305 836 1376 914 erit,

237 937 291 1021 qui
314 940 424 1019 neget.
470 933 674 1019 Quamquam
699 956 718 998 a
743 935 922 1000 Niebuhrio
946 935 1034 999 haud
1066 935 1237 1016 dissentio,
1261 939 1316 1022 qui
1345 939 1377 1002 in

238 1037 511 1102 commentatione
541 1036 581 1101 de
615 1038 682 1100 vita
705 1037 868 1121 Agathino
898 1037 1033 1122 eiusque
1067 1038 1212 1102 historiis
1242 1041 1377 1104 editioni

237 1141 405 1206 Bonnensi
447 1140 575 1204 adiecta
614 1140 723 1205 docuit
757 1142 935 1225 Agathiam
969 1143 1190 1227 potentiorum
1236 1145 1377 1209 virorum

238 1246 381 1310 favorem
404 1249 600 1329 aucupatum
625 1265 700 1308 esse
724 1265 773 1324 eo,
797 1245 883 1330 quod
900 1267 1014 1310 eornm
1030 1247 1176 1310 earmina
1199 1249 1323 1333 recepit
1345 1250 1377 1312 in

239 1349 476 1432 anthologiam,
504 1369 601 1432 quam
632 1348 709 1411 fecit
738 1349 885 1413 collectis
909 1350 1096 1434 aequalium
1120 1351 1376 1436 epigrammatis.

240 1451 314 1534 „Ex
328 1452 379 1514 his
392 1451 532 1515 Paulum
548 1450 701 1514 laudibus
717 1472 782 1514 non
800 1452 971 1517 immeritis
987 1455 1114 1518 extollit
1132 1459 1230 1538 atque
1250 1455 1377 1518 clientis

240 1555 356 1618 officiis
382 1554 515 1618 comiter
539 1553 646 1616 colere
670 1553 829 1618 videtur.“

327 1657 391 1722 Sed
416 1658 497 1721 haec
519 1657 591 1744 ipsa
615 1657 724 1739 verba,
748 1657 789 1722 ad
814 1680 897 1744 quae
922 1659 1125 1724 Niebuhrius
1149 1661 1209 1725 hoo
1232 1663 1303 1726 loco
1326 1683 1377 1727 re·

243 1763 352 1848 spicit,
384 1783 403 1824 a
426 1761 519 1824 nobis
541 1760 638 1824 modo
661 1761 795 1824 laudata
816 1768 891 1847 post
913 1767 1052 1827 mortem
1076 1763 1171 1828 Pauli
1194 1764 1281 1828 diota
1304 1787 1377 1830 esse

241 1871 384 1940 constat;
409 1863 496 1948 quod
519 1869 555 1927 ut
579 1863 812 1928 concludamus
837 1887 879 1929 ex
902 1865 1068 1951 Agathias
1091 1868 1258 1949 laudibus,
1282 1891 1378 1954 prae-

240 1971 345 2036 teritis
368 1961 457 2054 ηὔχει
481 1974 514 2032 et
537 1962 726 2051 ἐσεμνύνετο
759 1968 912 2033 adhibitis
944 1970 1134 2036 inducimur.
1180 1972 1250 2036 Nee
1274 1973 1379 2036 minus

241 2097 283 2140 ex
296 2073 459 2138 sententia
471 2072 511 2137 de
520 2073 682 2157 poematis
689 2072 783 2136 Pauli
795 2074 1140 2160 prolataperspieuum
1151 2081 1380 2140 estnumerum

241 2182 434 2260 carminum,
464 2200 547 2264 quae
570 2177 693 2242 Paulus
723 2179 870 2264 scripsit,
900 2185 977 2243 tunc
1000 2181 1064 2242 iam
1087 2200 1160 2244 esse
1184 2179 1380 2244 absolutum.

241 2283 357 2368 Itaque
399 2303 441 2346 ex
479 2282 530 2344 his
569 2280 735 2366 Agathias
777 2282 886 2346 verbis
932 2283 1054 2367 aliquid
1092 2285 1172 2348 certi
1207 2283 1380 2348 adsumere

243 2407 417 2473 possumus
453 2384 492 2448 de
521 2384 616 2448 Pauli
651 2391 771 2460 morte;
806 2406 881 2448 nam
916 2399 1049 2473 poetam
1084 2387 1273 2451 defunctum
1307 2409 1381 2452 esse

242 2496 379 2576 oportet,
397 2495 572 2573 antequam
589 2488 750 2574 Agathias
768 2489 850 2554 haec
868 2491 1007 2576 scripsit.
1054 2491 1243 2555 Terminum
1261 2501 1380 2573 autem,

242 2601 317 2660 ante
341 2616 438 2680 quem
455 2594 544 2656 illum
562 2594 732 2678 scripsisse
748 2616 886 2659 neeesse
911 2602 973 2676 est,
990 2593 1200 2676 Niebuhrius,
1224 2617 1288 2680 qua
1312 2601 1382 2659 erat

243 2700 433 2785 sagacitate,
458 2705 547 2761 recte
573 2699 764 2763 enucleasse
794 2699 872 2762 mihi
894 2699 1032 2763 videtur.
1078 2697 1256 2763 Mauricius
1282 2700 1379 2780 enim,

243 2805 297 2889 qui
321 2824 406 2867 anno
430 2824 461 2888 p.
487 2800 561 2864 chr.
584 2823 614 2866 n.
633 2803 695 2865 582
719 2803 890 2887 imperium
914 2801 1132 2887 Byzantinum
1156 2802 1295 2888 adeptus
1320 2809 1379 2884 est,

244 2907 329 2992 apud
349 2905 472 2990 Agath.
485 2905 532 2968 IV
541 2907 581 2968 29
598 2927 628 2990 p.
642 2907 742 2986 atae
767 2906 870 2969 semel
890 2906 1047 2990 magister
1074 2906 1218 2990 equitum
1238 2907 1375 2969 orienta-

244 3013 323 3075 lium
348 3010 534 3095 appellatur
558 3009 687 3072 omnino
712 3029 777 3073 non
794 3015 1047 3072 commemorata
1064 3029 1189 3072 summa
1206 3008 1382 3092 dignitate;

244 3136 308 3200 qua
325 3136 367 3178 ex
390 3135 425 3177 re
450 3111 847 3196 cognosciturAgathiam
865 3118 940 3176 ante
958 3111 1042 3175 hune
1066 3132 1185 3175 annum
1201 3112 1302 3176 verba
1325 3113 1381 3177 illa

245 3218 426 3304 scripsisse.
480 3215 581 3278 Porro
614 3217 753 3301 scriptor
779 3215 981 3300 Byzantinus
1013 3215 1112 3279 etiam
1136 3221 1282 3280 mortuns
1307 3238 1382 3282 esse

245 3329 321 3388 ante
337 3322 425 3384 huno
442 3340 562 3384 annum
577 3319 756 3384 Niebuhrio
773 3319 913 3400 videtur,
935 3320 1011 3405 qnia
1028 3341 1071 3384 ex
1087 3319 1258 3384 Menandri
1274 3321 1383 3384 verbis

244 3425 331 3490 haud
359 3426 406 3488 ita
435 3423 520 3509 aptis
534 3422 558 3508 ¹)
593 3415 752 3510 ὡρμήθην
783 3421 841 3488 ἐπὶ
872 3417 969 3512 τήνδε
996 3417 1182 3511 ξυγγραφήν
1212 3415 1382 3509 ἄρξασθαι

244 3525 327 3614 μετὰ
354 3524 413 3616 τὴν
435 3520 627 3611 artoptam
647 3523 810 3613 'Ayadt'oo
833 3525 889 3592 καὶ
912 3527 972 3615 τῆς
996 3523 1145 3612 ἱστορίας
1167 3523 1382 3615 ποιήσασθαι

244 3629 303 3720 τὴν
326 3625 426 3720 ἀρχήν
449 3633 595 3716 intellegi
619 3632 724 3717 possit
747 3631 926 3716 Agathiam
948 3637 1052 3696 morte
1074 3631 1272 3716 prohibitum
1298 3651 1383 3710 esse,

247 3759 287 3802 ne
316 3737 469 3801 historias
499 3757 575 3799 suas
606 3735 646 3798 ad
675 3735 774 3799 finem
802 3734 1008 3820 perduceret.
1060 3734 1124 3798 Pro
1159 3740 1249 3798 certo
1274 3739 1383 3796 autem

246 3842 365 3905 seimus
395 3840 534 3903 Paulum
564 3845 638 3903 ante
666 3837 843 3923 Agathiam
874 3857 891 3900 e
919 3838 988 3901 vita
1017 3837 1214 3902 decessisse.
1267 3835 1383 3920 Itaque

246 3946 302 4010 ille
325 3945 466 4009 fortasse
491 3944 590 4008 etiam
613 3943 711 4028 paulo
735 3947 811 4006 ante
836 3942 976 4005 amioum
1000 3947 1096 4006 natus
1121 3947 1185 4022 est,
1210 3941 1230 4005 i.
1255 3961 1284 4005 e.
1309 3945 1383 4003 ante

247 4070 366 4112 annum
400 4069 426 4112 o.
448 4050 525 4127 536,
561 4069 658 4133 quem
687 4048 861 4113 terminum
896 4045 1096 4112 Niebuhrius
1130 4047 1163 4108 in
1199 4045 1249 4109 ed.
1276 4044 1382 4110 Bonn.

247 4175 277 4238 p.
294 4151 378 4216 XIV
394 4173 437 4216 ex
454 4152 642 4216 coniectura
655 4151 817 4236 Agathias
832 4150 961 4226 tribuit;
980 4149 1037 4213 sed
1053 4171 1094 4213 ne
1111 4149 1213 4212 multo
1227 4148 1384 4214 maiorem

247 4262 326 4320 natu
349 4261 479 4341 poetam
504 4262 650 4319 nostrum
673 4262 835 4341 putemus,
860 4255 1095 4341 epigrammata
1122 4251 1152 4316 V
1173 4254 1235 4316 299
1265 4259 1298 4317 et
1322 4257 1383 4317 300

337 4483 357 4548 ¹)
376 4480 522 4549 Leguntnr
539 4480 609 4533 haec
626 4478 700 4547 apud
720 4477 834 4532 Suidam
853 4495 873 4530 s.
891 4494 917 4530 v.
936 4475 1102 4547 Μένανδρος.
