3224 4946
731 299 944 359 ..52-

268 464 340 518 Sunt
357 466 452 519 autem
470 465 501 518 hi
518 481 625 520 versus:
644 466 720 518 1123
738 461 820 538 ἔργον
832 463 887 532 ἔην.
907 465 958 519 206
970 465 1035 524 λαός
1052 462 1129 524 ἅπας.
1149 465 1238 518 1114?
1252 463 1308 518 ἐστὶ
1326 465 1405 534 πύλη.

267 552 319 604 362
337 549 429 619 βίβλον
440 549 521 619 ἔχων.
534 553 586 606 540
598 549 681 603 ὅσσον
693 550 767 621 ἔρως.
803 553 921 606 Versum
933 553 960 605 ΙΙ
973 553 1032 618 270,
1050 552 1099 606 ubi
1118 553 1148 604 in
1161 553 1263 606 Graefii
1282 553 1406 607 editione

268 636 374 705 legitur
392 631 456 688 ου’δὲ
473 638 526 706 μὲν
545 633 609 688 eride
627 637 723 706 μόνοις
746 637 876 704 excludo,
902 637 969 706 quia
986 637 1016 690 in
1036 637 1131 692 codice
1149 637 1239 690 Palat.
1259 633 1290 690 οὐ
1310 639 1407 708 μόνοις

269 724 334 776 stat.
371 723 471 790 Itaque
496 723 695 788 coniecturam,
721 725 948 792 quam-Graefius
972 723 1002 776 in
1021 724 1205 778 adnotatione
1224 725 1350 794 protulit,
1373 720 1406 777 ου’

268 807 380 877 μούνοις
404 807 615 877 praeferendam
633 825 691 862 esse
710 808 788 863 duco.
825 809 856 862 ln
875 809 1003 862 omnibus
1016 811 1112 862 autem
1131 810 1174 863 his
1187 810 1311 864 versibus
1325 828 1406 865 voca-

268 894 365 950 bulum
380 893 551 948 trochaicum
565 894 707 948 antecedit
719 893 847 959 iambico,
866 895 939 949 sicut
952 895 1048 948 eadem
1063 895 1173 950 ratione
1186 897 1261 966 apud
1274 897 1405 951 Nonnum

270 983 321 1036 est.
357 981 396 1034 Of.
414 979 517 1048 Meyer.
536 981 554 1034 l.
573 981 591 1034 l.
610 999 636 1050 p.
650 981 718 1035 1004
731 999 790 1049 sqq.

314 1107 343 1168 2.
377 1103 417 1166 In
439 1100 659 1167 trochaicis
682 1101 899 1186 vocabulis*),

358 1247 387 1288 a.
421 1245 505 1308 quae
533 1223 648 1288 brevi
677 1223 811 1286 vocali
834 1223 1059 1305 terminantur,
1082 1245 1259 1310 numquam
1282 1226 1405 1290 Paulus

272 1328 420 1394 ultimam
435 1326 589 1412 produxit
604 1326 637 1388 in
654 1327 734 1401 arsi;
759 1347 836 1410 ergo
861 1326 922 1390 hac
939 1329 1066 1412 quoqde
1084 1349 1126 1391 ex
1142 1334 1234 1413 parte
1252 1329 1405 1393 Nonnum

273 1432 334 1496 sihi
360 1431 503 1516 exempli
533 1430 635 1494 instar
656 1431 834 1515 proposuit.
879 1428 989 1515 Atque
1012 1453 1054 1494 ne
1078 1430 1309 1496 Christodorus
1335 1435 1405 1518 qui-

272 1535 345 1598 dem
368 1535 452 1598 hanc
472 1533 719 1638 productionem
743 1531 882 1597 admisit.

358 1659 388 1721 b.
412 1657 569 1720 Ultimam
594 1656 834 1719 trochaicorum
857 1654 1039 1734 verborum,
1064 1657 1202 1740 quaein
1226 1682 1266 1721 αι
1290 1666 1346 1722 aut
1369 1682 1405 1724 οι

273 1765 405 1840 exeunt,
428 1761 561 1843 longam
586 1759 720 1823 exhibet
743 1758 865 1822 Paulus

426 1863 459 1924 in
482 1862 549 1926 arsi
601 1853 651 1924 ¹II
695 1861 748 1924 III
794 1858 867 1948 [IV]
914 1861 945 1925 V
992 1859 1066 1947 [VI]

613 2001 652 2010 ..
714 1969 727 2026 1
803 2000 844 2010 ..
925 1967 938 2024 1
1016 2000 1050 2011 -

359 2068 432 2133 Hae
459 2070 559 2153 igitur
587 2068 799 2154 productione
831 2067 917 2153 apud
940 2066 1093 2131 Nonnum
1117 2068 1252 2152 eiusque
1276 2067 1406 2154 pedise-

274 2194 355 2259 quos
373 2194 446 2237 rara
460 2172 583 2236 Paulus
600 2172 649 2235 bis
667 2172 700 2234 in
715 2193 779 2234 uno
798 2170 977 2254 eodemque
991 2191 1087 2234 versu
1103 2171 1215 2236 utitur.
1260 2171 1407 2238 Vitatam

273 2299 346 2341 eam
376 2297 450 2340 esse
481 2275 673 2358 Hilbergius
707 2273 858 2354 (Prtacip
885 2273 915 2336 d.
939 2272 971 2338 S.
1002 2295 1033 2358 p.
1057 2271 1132 2355 173)
1162 2281 1407 2351 commemorat;

273 2380 331 2444 sed
353 2386 464 2444 tamen
487 2380 558 2464 ipse
582 2399 696 2442 versus
721 2376 893 2440 nonnullos
917 2375 1047 2456 adiecit,
1071 2377 1104 2439 in
1128 2377 1246 2461 quibus
1269 2377 1407 2441 Nonnus

273 2483 357 2546 hanc
373 2481 620 2566 productionem
636 2479 793 2559 adhibuit,
818 2479 907 2542 velut
931 2481 981 2558 24,
999 2481 1074 2542 218:
1099 2474 1164 2543 εἶσὶ
1180 2474 1277 2545 νόθοι
1292 2476 1408 2567 ταῦροί

274 2609 318 2650 τε.
365 2589 484 2666 2,170.
510 2587 538 2664 7,
560 2585 618 2646 106
643 2583 684 2648 al.
729 2581 828 2667 Apud
845 2581 985 2644 Paulum
1007 2582 1089 2646 haec
1113 2583 1212 2667 longa
1228 2585 1355 2669 syllaba
1376 2585 1408 2647 in

274 2690 340 2753 arsi
370 2689 501 2774 quidem
533 2687 646 2772 quinta
676 2687 769 2772 qnasi
799 2684 1007 2749 absconditur
1034 2687 1183 2770 sequenti
1211 2684 1271 2770 μέν
1293 2688 1410 2751 vocula

274 2791 381 2878 (1134
404 2787 519 2877 γυμνοὶ
541 2787 629 2873 μέν);
659 2789 762 2853 altero
787 2788 933 2852 eiusdem
950 2810 1062 2852 versus
1085 2789 1157 2853 loco
1172 2789 1307 2855 verbum
1331 2811 1408 2854 ana-

274 2897 456 2982 paestieum
479 2889 616 2979 πίσυρες
641 2891 851 2978 spondaicum
879 2893 985 2972 τοῖχοι
1002 2892 1133 2978 exeipit.
1180 2891 1410 2958 Ohristodorus

276 2999 381 3064 semel
397 2995 484 3064 δοιοὶ
508 2995 545 3062 δέ
560 2995 660 3060 verba
682 2996 714 3058 in
739 2995 803 3060 arsi
818 2994 879 3059 III.
904 2995 1050 3058 exhibet.
1089 2993 1137 3062 of.
1154 2995 1292 3082 Baumg.
1309 3019 1341 3084 p.
1359 3000 1410 3063 39.

274 3103 320 3167 Ut
341 3103 422 3167 arsis
446 3101 505 3166 IV.
530 3101 664 3165 exclusa
688 3099 739 3178 sit,
764 3118 868 3162 exeo
893 3098 1050 3182 sequitur,
1073 3099 1160 3182 quod
1176 3099 1298 3165 Paulus
1315 3123 1409 3165 num-

275 3227 373 3291 quam
397 3204 576 3292 spondeum
599 3203 631 3266 in
655 3202 753 3266 tertio
776 3201 861 3288 pede
884 3223 1002 3287 passus
1026 3209 1087 3268 est.

361 3349 386 3391 c.
419 3324 545 3388 Ultima
576 3344 689 3387 eorum
720 3322 959 3386 trochaicorum
992 3321 1182 3402 verborum,
1217 3343 1300 3407 quae
1335 3342 1411 3386 una

276 3429 514 3493 consonanti
536 3427 702 3506 finiuntur,
726 3427 824 3510 longa
846 3425 882 3488 fit

523 3531 557 3593 in
581 3529 646 3593 arsi
712 3529 747 3592 Π
791 3528 844 3592 III
886 3527 935 3592 IV
980 3527 1011 3591 V
1055 3527 1104 3591 VI

705 3633 759 3718 ιο
796 3632 850 3717 21)
887 3630 936 3716 -a
976 3669 1016 3679 -
1062 3670 1102 3679 -

364 3737 385 3804 ¹)
404 3736 465 3789 Duo
474 3735 528 3790 loci
539 3735 644 3802 (11599.
655 3752 679 3789 a.
689 3735 744 3804 30),
753 3733 801 3788 ubi
811 3734 877 3788 talis
887 3733 1019 3802 disyllabi
1034 3734 1143 3802 syllaba
1154 3733 1245 3788 finalis
1255 3734 1285 3788 in
1298 3733 1352 3789 arsi
1364 3733 1412 3788 ΙΙΙ.

276 3826 341 3888 stat,
353 3822 463 3878 etiamsi
481 3823 533 3876 hoc
546 3838 608 3876 raro
621 3821 765 3876 invenitur
778 3820 852 3890 apud
865 3820 1022 3874 imitatores
1034 3821 1136 3888 Nonni,
1147 3825 1243 3876 tamen
1255 3821 1413 3890 postposita

277 3910 309 3962 δέ
319 3910 419 3964 vocula
437 3908 505 3963 satis
518 3911 692 3962 excusantur.
728 3909 791 3977 Ipse
804 3909 928 3972 Nonnus,
947 3907 970 3962 si
988 3909 1063 3961 reete
1075 3908 1234 3962 numeravit
1252 3907 1412 3978 Hilbergius

277 3998 316 4066 (p.
330 3997 403 4064 127),
427 3997 470 4049 ter
493 3995 607 4050 verbum
626 3997 734 4067 πρῶτον
752 3994 793 4050 ita
811 3993 978 4064 productum
996 3994 1111 4048 exhibet
1129 3996 1164 4062 (5,
1177 3995 1218 4048 69.
1237 3995 1351 4058 22187.
1370 3995 1412 4058 30,

276 4083 348 4150 296).
366 4111 398 4121 -
417 4081 458 4135 De
476 4099 557 4136 versu
575 4082 659 4147 1269,
678 4082 756 4136 cuius
774 4081 904 4134 lacunam
927 4081 1051 4136 Graefius
1069 4081 1111 4136 ita
1136 4079 1271 4148 explevit,
1296 4081 1329 4132 ut
1347 4079 1413 4134 talis

277 4167 423 4237 productio
441 4168 505 4232 fiat,
531 4163 626 4239 ἠερίην
643 4167 743 4220 θεῖσαν
761 4167 863 4236 [τύπον
874 4163 994 4238 ’Ἱριδος],
1016 4167 1057 4221 nil
1076 4167 1168 4221 dicere
1186 4165 1260 4219 lieet.

363 4341 388 4409 *)
406 4339 567 4410 Hilbergius
577 4341 612 4395 de
622 4341 721 4395 horum
730 4339 877 4394 verborum
887 4357 939 4393 usu
950 4337 1107 4393 accuratius
1117 4336 1248 4391 disseruit
1259 4337 1289 4390 in
1302 4337 1406 4402 libello,

277 4427 322 4483 eui
340 4426 503 4481 inscribitur
521 4427 582 4480 Das
604 4427 693 4481 Gsseta
712 4426 758 4480 der
776 4425 855 4479 troeb.
881 4425 1068 4491 Wcrtsmmea.
1112 4423 1193 4477 Wiea
1212 4424 1287 4477 1878.
