3252 4954
704 271 921 332 ..30-

246 437 315 504 Sed
336 441 401 505 iam
425 461 524 526 supra
539 439 636 504 huius
652 439 726 503 libri
750 445 784 504 et
800 438 1090 526 superscriptionis
1113 445 1146 505 et
1169 439 1381 526 praefationis

245 544 368 608 anxilio
399 543 694 609 demonstravimus
727 545 812 609 hano
842 550 969 629 partem
997 545 1164 629 aliquanto
1192 550 1268 630 post
1301 542 1383 608 duos

244 647 371 732 priores
394 646 510 728 libros,
541 647 596 731 qui
618 640 741 732 μεγάλη
763 640 912 731 πάροδος
935 646 1097 727 11000100,
1120 648 1274 732 scriptam
1299 669 1382 714 0000.

245 752 353 835 Atque
377 750 469 814 brevi
492 749 623 835 quidem
641 756 786 835 tempore
803 748 943 813 Paulum
963 751 1111 815 ambonis
1129 751 1382 836 descriptionem

245 853 427 918 coniecisse
449 853 525 918 inde
551 853 685 937 colligo,
710 852 797 938 quod
820 853 973 918 metricas
997 855 1147 918 licentias
1170 855 1204 918 in
1227 877 1267 920 00
1289 856 1382 919 inve-

245 958 367 1040 nimus,
401 956 518 1042 quibus
542 956 671 1020 omnino
695 961 813 1020 vacant
844 955 907 1020 duo
933 957 1058 1042 priores
1086 957 1173 1025 libri.
1226 957 1383 1022 Fortasse

245 1065 415 1126 senectute
435 1061 643 1146 imperatoris
659 1059 793 1140 Paulus,
815 1065 851 1124 ut
874 1059 1012 1125 celerius
1034 1081 1151 1146 poema
1179 1061 1303 1143 finiret,
1333 1063 1383 1125 in-

246 1165 363 1229 ductus
391 1170 455 1240 est;
488 1165 573 1227 inter
604 1162 749 1228 secunda
776 1164 863 1227 enim
893 1165 1051 1228 00000010
1079 1169 1177 1249 01000
1208 1165 1382 1230 1001101001

244 1274 383 1334 mortem
406 1289 470 1332 non
492 1268 567 1352 plus
592 1287 689 1351 quam
713 1265 776 1330 duo
799 1266 963 1331 intersunt
985 1268 1071 1332 anni.

331 1372 370 1436 In
402 1371 585 1436 ambonis
615 1370 819 1456 praefatione
847 1370 988 1435 iambica
1027 1371 1145 1435 similia
1174 1371 1384 1458 proferuntur

247 1480 345 1560 01000
368 1475 401 1540 10
418 1474 554 1539 01100100
569 1473 645 1538 libri
667 1495 727 1538 sex
742 1473 876 1548 iambis;
901 1494 936 1538 00
960 1473 1047 1537 haud
1063 1474 1214 1558 ignorare
1234 1474 1384 1548 adfirmat

245 1585 430 1665 poeta‘non
454 1578 517 1643 sibi
539 1578 602 1664 ipsi
626 1577 682 1641 sed
705 1577 864 1642 materiae
887 1576 1010 1658 deberi,
1035 1577 1120 1664 qnod
1143 1585 1210 1643 tam
1229 1579 1383 1643 lubenter

248 1689 346 1769 01000
371 1688 496 1747 0110010
520 1683 664 1747 carmina
688 1703 747 1746 sua
770 1681 951 1746 audiantur.
996 1681 1117 1768 Incipit
1139 1683 1210 1767 ipsa
1233 1682 1380 1747 ambonis

246 1787 420 1872 descriptio
444 1786 602 1850 invocatis
625 1786 809 1871 prophetis,
838 1785 1004 1870 apostolis,
1033 1786 1247 1872 martyribus,
1281 1792 1317 1850 ut
1352 1791 1385 1850 01

247 1891 311 1976 1001
335 1896 467 1954 cantum
490 1895 609 1976 000100
633 1889 807 1966 01100001;
830 1910 906 1952 nam
931 1910 1006 1954 eum
1026 1889 1187 1954 celebrari
1202 1890 1319 1971 locum,
1343 1890 1384 1954 10

247 2015 311 2078 000
334 1994 480 2080 ipsorum
505 1992 606 2058 verba
635 1993 776 2057 contioni
803 1992 947 2057 fidelium
977 1993 1182 2069 nuntientur3
1205 1994 1274 2058 1000
1297 1993 1384 2057 idem

248 2098 335 2162 enim
371 2103 441 2162 erat
474 2096 569 2162 ambo
603 2101 701 2182 atquc
735 2097 782 2178 id,
815 2095 900 2181 quod
932 2117 993 2160 nos
1026 2097 1202 2161 vernaculo
1235 2119 1385 2162 sermone

250 2199 367 2267 anacl
388 2223 553 2268 vocamus.
598 2201 763 2266 Gradibns
787 2200 828 2264 ad
852 2221 926 2265 eum
942 2200 1161 2283 adscenditur,
1185 2203 1239 2286 qui
1261 2203 1385 2266 colum-

246 2307 298 2370 nis
328 2307 426 2370 nixus
449 2306 534 2370 infra
557 2307 656 2370 choro
687 2307 793 2370 locum
818 2304 958 2370 canendi
986 2305 1051 2370 dat.
1100 2305 1139 2368 10
1167 2306 1229 2370 hac
1258 2327 1385 2391 qnoque

248 2410 339 2475 aedis
363 2414 456 2495 parte
479 2409 647 2473 marmoris
670 2429 794 2493 genera
818 2409 950 2494 copiose
968 2415 1201 2474 enumerantur
1216 2409 1385 2495 (er—75),

247 2520 421 2600 practerea
448 2513 571 2577 lumina
602 2533 727 2576 summo
760 2512 908 2576 aedificio
937 2512 1039 2577 infixa
1067 2511 1384 2598 (110-17001001

248 2619 410 2682 scalarum
439 2615 574 2702 gradus,
604 2617 778 2700 00100010
803 2617 947 2702 00000011
970 2622 1060 2697 0001,
1083 2638 1124 2682 00
1149 2616 1384 2702 0010100000-

248 2722 330 2786 dens
358 2721 539 2800 laberetur,
567 2719 631 2782 alia
661 2720 774 2785 multa.
824 2718 889 2783 Hic
919 2718 1014 2784 ambo
1046 2741 1119 2784 cum
1148 2720 1384 2806 paeninsulae

247 2832 346 2912 poeta
370 2829 585 2912 comparatur,
609 2825 686 2910 quia
705 2845 770 2888 nou
795 2825 921 2888 solutus
945 2847 965 2889 0
988 2825 1107 2890 0010010
1129 2825 1219 2890 aedis
1235 2823 1384 2910 partibus

246 2931 280 2994 10
303 2929 410 2994 medio
426 2929 551 3014 templo
568 2929 694 3014 positus
718 2933 778 3010 est,
803 2928 860 2994 sed
883 2929 937 2993 010
960 2930 1001 2994 ab
1021 2936 1161 3014 utroque
1177 2929 1282 2994 latere
1307 2948 1384 2992 can-

248 3033 338 3098 cellis
362 3032 449 3096 haud
471 3033 517 3096 ita
540 3032 614 3098 altis
638 3033 878 3119 circumsaepta
901 3054 974 3097 cum
998 3033 1149 3098 orientali
1169 3031 1283 3104 abside
1307 3051 1384 3095 con·

246 3136 406 3221 iungitur,
437 3156 497 3221 000
529 3156 626 3220 quam
656 3155 729 3200 cum
760 3136 914 3201 sacerdos
944 3158 1071 3201 sacrum
1099 3137 1217 3202 librum
1247 3157 1383 3200 aureum

248 3245 373 3325 portat,
404 3229 578 3305 multitudo
606 3239 774 3303 hominum
800 3238 944 3324 undique
969 3239 1010 3304 01
1034 3241 1197 3305 cancellos
1220 3244 1384 3326 properat,

248 3349 284 3406 nt
316 3342 406 3406 illum
436 3343 609 3408 osculetur.
661 3342 796 3427 Septem
823 3347 933 3407 autem
955 3344 1078 3408 ultimis
1102 3343 1252 3408 versibus
1276 3343 1383 3409 denuo

249 3467 324 3510 eum
340 3447 452 3511 laudat
466 3452 576 3532 poeta,
596 3445 650 3532 qui
668 3467 707 3511 ea
724 3447 833 3510 omnia
849 3447 1019 3529 creaverit,
1043 3453 1141 3533 atque
1158 3448 1190 3513 01
1211 3447 1284 3533 1001,
1300 3447 1385 3528 urbi,

248 3549 373 3631 incolis,
397 3551 520 3636 templo
543 3549 690 3614 fauorem
713 3549 868 3613 trinitatis
891 3549 1098 3636 imprecatur.

334 3653 427 3718 Haec
450 3653 518 3718 1000
536 3657 621 3734 sunt,
645 3671 729 3737 0000
745 3651 868 3717 Ρο0100
892 3651 932 3716 10
945 3674 1063 3738 magna
1079 3654 1230 3740 Byzantii
1245 3651 1385 3719 00010010

249 3759 422 3822 enarravit.

334 3861 445 3948 Atque
468 3861 495 3924 si
518 3859 675 3925 iudicium
699 3858 740 3924 10
764 3880 803 3923 eo
827 3860 936 3925 100000
965 3861 1126 3942 volumus,
1149 3860 1290 3946 primum
1313 3858 1385 3944 qui-

250 3965 323 4030 dem
346 3965 441 4030 nobis
463 3963 686 4050 quaerendum
710 3968 770 4045 est,
794 3969 901 4027 utrum
918 3963 1020 4029 Paulo
1037 3964 1220 4050 contigerit,
1242 3969 1279 4027 ut
1302 3982 1385 4047 0000

249 4068 434 4134 describere
471 4069 505 4132 in
538 4068 646 4132 animo
679 4066 832 4148 haberet,
872 4088 988 4133 revera
1026 4075 1102 4134 0010
1142 4067 1253 4132 000100
1290 4067 1385 4130 nobis

248 4177 396 4259 poneret,
419 4192 542 4248 00000;
565 4193 641 4236 nam
662 4170 695 4234 id
717 4170 886 4256 imprimis,
909 4177 945 4235 ut
969 4172 1075 4253 credo,
1100 4191 1215 4236 omnes
1238 4170 1383 4256 descrip-

249 4277 373 4340 tionum
396 4282 556 4354 auctores‚
582 4276 652 4340 sive
675 4294 789 4338 versus
813 4275 958 4340 scribunt
981 4276 1050 4340 sive
1074 4275 1223 4340 oratione
1239 4273 1387 4359 pedestri

249 4384 399 4462 utuntur,
429 4385 579 4468 spectent
608 4399 747 4445 necesse
779 4384 839 4444 est.
883 4379 958 4446 Hoc
982 4385 1092 4445 autern
1115 4382 1286 4442 assecutus
1311 4397 1385 4442 esse
