3224 4946
692 321 905 383 ..69-

236 491 387 574 exempla
410 489 506 552 huius
527 489 747 574 productionis
769 491 916 556 exhibet.
962 491 1072 556 Semel
1096 493 1182 570 enim
1206 495 1371 578 monosyl-

236 592 347 656 labum
376 593 422 656 ita
449 592 604 677 produxit
638 595 671 657 in
698 594 784 659 thesi
807 595 853 660 II.
882 617 996 659 versus
1023 596 1040 658 I
1067 599 1127 659 136
1158 598 1263 673 κεῖνος
1293 589 1373 682 ἀνὴρ

234 689 281 758 τὰ
298 694 432 778 πρώτου
457 695 595 760 candem
611 697 808 782 positionem
824 698 966 762 debilem
980 697 1012 761 N
1014 719 1116 762 onnus
1133 699 1203 784 ipse
1226 698 1373 762 adhibuit

238 803 287 878 10,
304 802 366 862 427
390 795 484 864 όέεετο
506 795 577 878 νέος
597 795 644 864 τὰ
667 800 794 886 πρῶτα.
835 800 885 867 Of.
909 802 1010 866 etiam
1025 803 1080 882 33,
1098 805 1137 866 32
1155 807 1188 866 et
1204 803 1237 866 M
1256 806 1310 866 70:
1334 797 1372 868 τό

235 897 367 988 πρόσθε
383 909 416 966 et
438 902 607 968 Homerici
630 925 709 968 usus
733 906 885 990 exempla
909 926 928 969 a
949 904 1162 970 Scheindlero
1186 905 1323 992 (Ztscbr.
1347 906 1370 986 f.

234 1011 261 1071 ὃ.
278 1007 317 1072 θ.
335 1004 488 1091 18791.].)
501 1013 533 1071 et
546 1026 565 1070 a
578 1007 770 1072 Ludwichio
787 1009 1007 1095 suppeditata,
1021 1010 1104 1073 sicut
1119 1013 1159 1074 A
1168 1013 1197 1075 6.
1215 1015 1254 1073 H
1257 1013 1319 1074 412
1330 1009 1370 1074 al.

238 1109 372 1174 Accedit
399 1131 483 1174 unus
514 1111 783 1196 epigrammatum
806 1105 1017 1176 Paulinorum
1042 1131 1155 1176 versus
1177 1112 1250 1176 loco
1275 1112 1371 1177 modo

235 1213 366 1277 laudato
389 1213 574 1299 persimilis,
598 1215 629 1282 V
649 1217 758 1296 230,3
780 1215 818 1280 τό
842 1209 921 1300 πρίν
944 1215 977 1279 in
1000 1214 1095 1301 pedis
1117 1216 1163 1281 ΙΙ.
1187 1216 1280 1280 thesi.

323 1315 387 1380 Sed
411 1338 543 1403 prorsus
567 1317 719 1382 contrarii
744 1323 819 1382 sunt
837 1318 947 1382 Nonni
969 1318 1044 1382 usui
1066 1317 1130 1382 duo
1154 1319 1228 1400 loci,
1252 1319 1371 1403 quibus

236 1419 524 1504 disyllaborum
555 1421 664 1485 brevis
687 1421 802 1485 ultima
823 1421 857 1484 in
879 1421 975 1506 primi
997 1421 1090 1507 pedis
1113 1421 1199 1486 thesi
1221 1443 1263 1486 m.
1288 1428 1321 1486 et
1350 1423 1371 1487 l.

237 1525 404 1610 sequentis
432 1526 525 1590 verbi
554 1526 654 1610 longa
681 1525 726 1591 fit.
781 1525 865 1589 Sunt
893 1531 1002 1588 autem
1034 1525 1084 1589 hi:
1112 1525 1213 1590 1253
1243 1520 1371 1610 γλυπτὰ

235 1623 478 1715 χρυσεόεευκτα.
530 1631 565 1694 ΙΙ
590 1632 649 1695 183
679 1627 756 1716 μηνὶ
779 1625 1001 1716 χρυσοχόε-ονε.
1051 1630 1212 1694 Nimirum
1242 1629 1275 1693 hi
1298 1630 1371 1710 loci,

236 1755 300 1818 qua
323 1739 399 1797 sunt
421 1755 526 1820 paene
555 1733 704 1799 inaudita
726 1735 870 1814 licentia,
895 1735 958 1798 iam
981 1735 1132 1820 temptati
1156 1741 1231 1797 sunt
1254 1755 1273 1797 a
1295 1733 1372 1796 viris

236 1836 357 1917 doctis,
389 1839 444 1923 qui
469 1837 509 1903 de
533 1839 582 1902 his
606 1839 849 1924 quaestionibus
872 1839 1015 1902 metricis
1039 1839 1248 1923 scripserunt.
1295 1836 1371 1921 Ipse

235 1939 428 2025 Hilbergius
453 1940 602 2025 (Principe
625 1942 654 2006 d.
678 1941 710 2007 S.
734 1964 764 2028 p.
782 1941 835 2026 38)
860 1943 999 2028 primus,
1027 1941 1090 2004 nisi
1112 1941 1225 2021 fallor,
1250 1961 1306 2005 eos
1330 1939 1371 2003 de

235 2041 341 2114 medio
365 2044 481 2108 tollere
506 2044 648 2119 studuit3
677 2045 818 2108 alterum
846 2042 990 2128 (11183)
1014 2063 1054 2107 ec
1077 2043 1276 2123 coniectura⁷
1308 2065 1372 2127 qua

235 2167 277 2209 ne
301 2146 385 2210 iusto
403 2147 533 2233 saepius
557 2168 637 2211 usus
662 2147 714 2227 sit,
737 2145 834 2211 valde
851 2167 978 2212 vereor.
1022 2145 1149 2210 Mutato
1174 2146 1257 2210 enim
1275 2167 1370 2210 voea-

236 2248 387 2314 bulorum
411 2249 523 2314 ordine
546 2272 604 2336 pro
629 2251 751 2316 verbis:

905 2327 1038 2400 ὁππότε
1059 2329 1138 2413 λαός

391 2437 469 2526 μηνὶ
491 2435 704 2523 χροσοχίεωνι
727 2439 810 2505 θεοῦ
830 2433 915 2504 κατὰ
938 2433 1055 2522 ptam
1077 2434 1191 2526 ἑορτήν

389 2539 547 2625 ἐννυχίοις
570 2536 727 2629 ἄχραντον
750 2535 934 2629 ἄφόσσεται
957 2534 1086 2628 ἄγγεσιν
1109 2537 1207 2629 ὕδωρ,

235 2648 333 2712 scribi
361 2647 463 2712 voluit
493 2639 625 2713 ὁππότε
653 2641 731 2732 μηνί
759 2654 763 2722 Ι
787 2641 867 2724 λαὸς
897 2641 1119 2732 χροσοχίτωνι.
1164 2647 1274 2710 Aliam
1298 2667 1373 2710 con-

236 2755 393 2818 iecturam
427 2751 657 2816 Scheindlerus
687 2750 825 2837 (Ztsctr.
856 2751 880 2830 f.
903 2756 930 2815 ό.
957 2750 996 2815 G.
1023 2755 1115 2832 1879,
1139 2775 1170 2837 p.
1191 2751 1269 2835 436)
1297 2771 1373 2836 pro-

235 2859 359 2944 posuit,
389 2879 462 2920 cum
484 2857 550 2942 legi
572 2856 674 2920 vellet
695 2849 779 2943 μόνῃ
802 2851 1014 2940 χροσοχίεωνε
1037 2856 1098 2920 hac
1123 2856 1234 2920 addita
1258 2877 1372 2920 causa:

235 2961 314 3040 „Da
331 2959 472 3042 captus
486 2959 605 3024 ertd'r'srt
621 2980 727 3024 omnm.
743 2961 796 3023 22.
813 2979 849 3038 p.
863 2961 904 3022 79
920 2959 992 3036 „Im
1007 2959 1140 3023 Monate
1155 2959 1211 3023 der
1223 2959 1374 3040 poldcaen

239 3065 431 3141 Gewttadem
458 3063 597 3128 adtollat
627 3063 673 3126 tm
695 3061 843 3140 Jocabor,
876 3061 912 3124 ta
934 3059 1077 3126 celetem
1099 3063 1150 3126 die
1177 3061 1317 3127 Ooatsatc
1338 3063 1375 3126 ia

234 3168 474 3250 poldpcsticttco
499 3166 660 3230 Kletdera
687 3165 741 3228 abr
766 3164 844 3228 Aac
872 3169 983 3228 antrat
1024 3171 1056 3228 .“*
1110 3164 1179 3230 Wc'c
1215 3165 1289 3229 aber
1316 3166 1375 3229 dus

236 3271 392 3352 Scbdpfea
407 3271 460 3336 des
475 3269 698 3351 betttrdftipea
716 3267 861 3334 Wossers
875 3269 934 3332 me
948 3268 1017 3332 dem
1028 3267 1162 3333 Jaauor
1178 3289 1373 3334 zusammen·

236 3377 358 3458 tamea
369 3374 464 3452 sollte,
481 3375 524 3438 a‘st
536 3375 588 3438 etc
601 3371 721 3437 Ratset.
774 3371 876 3437 Wewo
889 3372 1037 3436 mirabor
1047 3365 1131 3460 μήνῃ
1144 3397 1191 3458 χρ.
1204 3373 1374 3451 satrapea,
1410 3361 1412 3365 ¹

236 3501 270 3545 so
290 3479 428 3562 perticat
450 3478 500 3542 dte
520 3497 619 3560 panae
641 3475 830 3558 macetum
851 3477 904 3540 eta
925 3476 1059 3541 anderes
1084 3477 1235 3542 Gemand.
1280 3476 1374 3541 Beim

245 3582 417 3660 Vollmoad,
440 3582 507 3647 also
528 3601 619 3645 wenc
641 3581 696 3644 der
710 3581 816 3645 Moad
836 3581 881 3644 im
893 3580 1044 3662 poldcaea
1061 3580 1220 3645 Gewande
1235 3579 1375 3658 straete,

235 3687 374 3768 scledpftc
395 3707 471 3751 maa
493 3687 552 3750 dus
566 3684 766 3766 tetttrcftipe
788 3684 948 3751 Wasser.“
993 3685 1053 3749 Oui
1070 3686 1274 3750 coniecturae
1291 3685 1374 3750 haec

240 3793 371 3856 obstare
395 3791 474 3854 mihi
494 3789 655 3856 videntur.
701 3787 847 3874 Accepto
863 3789 1022 3853 vocabulo
1045 3783 1130 3877 μήνῃ
1153 3789 1284 3854 omnino
1308 3809 1374 3852 non

239 3896 441 3980 significatur
464 3893 533 3957 dies
555 3893 670 3974 festus,
694 3913 756 3977 quo
778 3893 905 3956 incolae
929 3892 1082 3977 Byzantii
1105 3892 1166 3956 hoc
1191 3912 1279 3956 more
1302 3899 1373 3955 ute-

239 4001 368 4065 bantur.
413 3997 497 4062 Nam
530 4019 573 4062 ex
599 3995 813 4061 vertissent
835 3991 920 4060 κατὰ
942 3990 1060 4079 ptam
1082 3990 1196 4082 ἑορτήν
1219 3996 1275 4060 ille
1298 4016 1373 4080 per-

238 4104 319 4189 spici
343 4103 466 4188 nequit.
513 4101 579 4166 Sed
602 4121 736 4186 prorsus
752 4099 901 4185 neglexit
923 4100 972 4162 vir
988 4098 1105 4164 doctus
1119 4100 1223 4164 verba
1239 4098 1374 4164 Ioannis

239 4205 514 4292 Ohrysostomi1),
538 4205 653 4290 quibus
678 4204 771 4288 quasi
787 4202 991 4268 adminiculis
1008 4202 1141 4267 innixus
1157 4203 1211 4267 Du
1229 4203 1374 4287 (langius

325 4363 346 4428 ¹)
366 4360 405 4415 Cf.
425 4359 566 4428 Patrolog.
581 4358 675 4413 Graec.
696 4359 738 4412 ed.
756 4358 852 4428 Migne
870 4360 936 4412 tom.
950 4356 1037 4410 XLIX
1057 4375 1084 4426 p.
1098 4358 1150 4412 365
1163 4375 1215 4425 sq.:
1235 4353 1303 4424 αὕτη
1321 4355 1375 4428 γάρ

238 4447 313 4500 ἐστιν
331 4447 349 4515 η’
366 4446 457 4517 ἡμέρα
476 4448 523 4512 (εο.
542 4444 716 4516 ἐπιφάνεια),
740 4447 803 4497 καθ’
822 4443 857 4514 ἣν
875 4443 1037 4512 §pontisare
1062 4442 1107 4496 καὶ
1125 4443 1175 4512 τήν
1193 4444 1248 4496 τῶν
1265 4441 1375 4495 ildricus)
