3252 4954
753 387 955 444 ’‘“Vlss

294 537 412 602 mortui
441 541 475 600 et
497 537 597 600 totius
621 537 763 602 familiae
787 537 957 602 voluntati.
1003 537 1098 602 Anno
1120 537 1150 603 h.
1169 561 1194 602 s.
1217 537 1423 619 LXXXVII,

288 665 325 723 ut
349 659 447 722 finem
469 657 672 744 imponerem
697 659 829 740 studiis,
859 659 1005 744 Lipsiam
1028 659 1194 745 profectus
1219 681 1307 740 sum,
1332 659 1424 722 euius

289 778 351 842 viri
364 778 450 844 docti
463 778 704 863 Brugmannus,
716 778 1080 863 Lipsius,Ribbeclrius,
1088 777 1423 859 Richtcrus‚Wachs-

288 900 442 982 muthius,
454 899 644 982 Wuudtius,
661 899 842 965 Zarnckius
858 922 911 965 me
928 901 1073 984 collegiis
1089 900 1279 966 docuerunt.
1314 899 1423 964 Etiam

290 1025 411 1107 quanto
435 1019 604 1085 commodo
628 1009 706 1085 mihi
722 1019 842 1085 luerint
858 1020 997 1085 instituti
1015 1020 1178 1106 philologi,
1195 1019 1280 1105 quod
1295 1027 1423 1100 vocant,

288 1140 421 1226 egregie
437 1139 636 1220 adiumento,
651 1139 792 1205 libenter
808 1140 974 1205 confiteor.
1016 1138 1233 1204 Societatibus
1249 1138 1425 1204 Ribbeckii

287 1263 350 1326 tria
381 1261 570 1343 semestria,
601 1261 846 1326 Wechsmuthii
879 1261 961 1342 duo,
998 1261 1170 1325 seminario
1201 1259 1422 1346 paedagogice

288 1383 421 1447 Ricardi
444 1381 579 1446 Richter
609 1403 670 1466 per
704 1402 765 1445 sen
791 1403 922 1447 menses
953 1380 1102 1462 interfui,
1137 1385 1234 1465 etque
1268 1400 1309 1444 nc
1337 1400 1422 1443 nunc

275 1503 435 1588 quidem,
464 1507 501 1566 ut
528 1502 717 1568 recederem
732 1522 784 1576 ¹cu
807 1501 1097 1587 praestantissimis
1121 1500 1172 1565 his
1193 1501 1379 1587 palaestris,
1404 1523 1423 1565 e

289 1643 340 1686 me
364 1623 547 1708 impetravi.
1051 1605 1053 1612 ’

376 1742 536 1807 Omnibus
549 1748 659 1807 autem
672 1743 791 1828 optime
805 1741 845 1806 de
856 1729 908 1806 me
923 1723 1048 1806 meritis
1062 1742 1138 1810 viris
1152 1743 1275 1823 doctis,
1291 1727 1422 1830 praeter

290 1866 418 1924 ceteros
442 1859 573 1924 Erwino
596 1860 725 1942 Rohdc,
749 1849 811 1945 qui*
828 1861 941 1940 tironis
964 1850 1245 1957 primaexcrcitia
1260 1841 1422 1927 moderari

289 2002 352 2066 non
375 1955 496 2046 veritus
522 1988 581 2062 est,
596 1988 639 2046 et
661 1970 801 2046 Rudollo
826 1981 966 2062 Schoell,
991 1970 1207 2067 qnimaxima
1231 1964 1304 2048 cum
1321 1987 1420 2066 comi-

289 2095 358 2166 tate
375 2099 483 2167 studia
499 2125 573 2168 mee
589 2105 676 2183 fovit,
695 2112 728 2168 et
744 2103 856 2168 Ottoni
871 2104 1024 2169 Ribbeck
1040 2110 1137 2188 atque
1154 2077 1261 2169 Curtio
1279 2104 1418 2186 Wechs-
1472 2165 1474 2168 .

287 2213 396 2303 muth,
421 2222 475 2305 qui
499 2243 675 2306 numquam
697 2222 776 2307 mihi
799 2223 949 2302 deluere,
972 2244 1035 2301 me,
1058 2222 1167 2314 quoad
1189 2224 1273 2303 vivo,
1297 2211 1421 2308 gratias

287 2341 474 2406 habiturum
498 2363 690 2428 essequam
713 2341 873 2407 maximas
897 2344 1002 2427 magis
1026 2364 1078 2421 re,
1101 2344 1242 2424 silicet,
1266 2345 1421 2431 probabo,

158 2547 164 2558 .
271 2455 385 2552 squam
408 2461 554 2546 pluribus
578 2463 687 2530 verbis
710 2484 795 2526 nunc
819 2463 1006 2530 adfirmabo,
