3252 4954
714 297 925 356 ..40-

257 469 305 531 eis
321 467 451 530 eluceat
466 466 605 530 Paulum
622 473 767 529 nostrurn
785 470 951 528 auctorem
967 485 1030 527 non
1056 486 1139 544 esse,
1161 463 1247 528 haud
1265 465 1394 547 ignoro;

256 571 365 654 itaque
389 569 484 634 valde
509 571 618 650 doleo,
652 569 738 654 quod
768 591 810 633 ex
838 574 908 632 arte
932 569 1068 632 metrica
1097 575 1154 631 aut
1178 589 1220 630 ex
1245 589 1394 631 sermone

257 675 302 737 nil
327 675 528 753 enucleatur,
553 675 673 758 quippe
697 695 779 758 quae
805 694 877 737 cum
900 672 1165 735 hexametrorum
1189 676 1273 751 arte,
1297 691 1394 754 quarn

221 847 225 856 ,
257 778 290 840 in
314 778 407 841 Pauli
439 778 636 841 carminibus
666 777 864 854 invenimur,
897 775 1078 859 comparari
1101 779 1274 858 nequeant.
1320 774 1394 836 Hoc

258 886 366 944 autem
379 879 517 944 adiciam
532 880 632 944 talem
646 880 820 944 verborum
838 879 1116 964 compositionem,
1134 878 1238 961 qualis
1255 878 1395 940 occurrit

257 984 291 1046 in
314 984 480 1048 vocabulis
497 976 835 1070 ἆναρχοφωτόμυσιον
858 981 901 1067 (v.
922 983 997 1066 174)
1022 987 1054 1046 et
1070 973 1395 1066 ἀῤῥηιολειιτόιινευ-

259 1107 337 1151 στον
360 1087 404 1172 (v.
423 1088 497 1169 175)
521 1109 655 1172 prorsus
680 1088 855 1152 abhorrere
880 1086 1009 1150 aPauli
1033 1105 1194 1148 sermone.
1239 1084 1309 1148 Nec
1332 1084 1394 1148 hoc

260 1191 390 1254 silentio
407 1197 614 1276 praeteream
637 1193 670 1254 in
692 1191 856 1254 nonnullis
880 1190 1029 1254 versibus
1052 1190 1213 1253 continuis
1231 1191 1395 1254 clausulas

257 1294 342 1358 inter
366 1315 401 1357 se
425 1301 644 1358 consonantes
667 1315 719 1358 me
736 1293 932 1378 repperisse,
956 1293 990 1356 id
1013 1292 1099 1377 quod
1120 1291 1393 1357 consilio'factum

258 1402 290 1460 et
321 1397 540 1480 posteriorum
571 1401 755 1482 temporum
787 1417 860 1460 esse
889 1396 1042 1476 arbitror,
1071 1397 1155 1459 sicut
1178 1397 1210 1460 in
1234 1397 1394 1477 versibus,

258 1505 294 1563 ut
316 1499 376 1563 hos
400 1505 527 1563 tantum
551 1497 755 1564 enumerem:

334 1617 337 1622 '
389 1605 472 1666 3-8
496 1603 629 1668 νοσοῦσι
653 1641 692 1648 -
716 1603 829 1668 πᾶσιν.
874 1596 1009 1688 δώρημα
1032 1641 1071 1650 -
1096 1596 1254 1687 γάνυσμα.
1298 1597 1395 1682 δείξω

389 1747 428 1755 -
458 1701 592 1786 διδάξω.
645 1712 695 1772 51.
714 1710 755 1770 52
783 1702 936 1784 θειώδεις
965 1744 1002 1753 -
1031 1700 1234 1792 βρονιώδεις.
1286 1709 1396 1772 totu

392 1809 655 1896 δναρῥοιβδεῖιαι
676 1848 717 1857 -
742 1807 920 1876 damasium.
984 1813 1054 1876 167.
1081 1812 1140 1874 168
1163 1804 1244 1874 θεόν
1272 1830 1396 1874 σου-

389 1907 565 2000 φαντάζου.
621 1915 786 1976 171-173
810 1915 940 1996 πνεῦμα
964 1951 1005 1960 -
1037 1917 1175 1999 πρᾶγμα
1199 1902 1238 1959 -’
1267 1913 1395 1996 θαῦμα.

393 2019 462 2082 188.
482 2017 542 2080 189
566 2011 778 2105 ζητήσεις-
802 2010 950 2095 deducte.

262 2119 484 2184 Consideratis
502 2120 552 2184 his
569 2121 718 2184 omnibus
736 2120 887 2205 equidem
910 2143 929 2184 a
944 2119 1047 2184 Paulo
1067 2127 1177 2184 nostro
1195 2119 1395 2184 Iustinianeo

260 2223 323 2286 hoc
341 2245 472 2289 carmen
490 2223 650 2288 abiudico.
696 2224 769 2288 Hoc
792 2245 833 2288 ne
858 2225 1060 2288 aveteribns
1082 2223 1213 2308 quidem
1237 2224 1307 2286 sine
1329 2223 1397 2286 ulla

261 2326 465 2390 dubitatione
494 2326 597 2390 Paulo
626 2331 738 2390 nostro
769 2326 927 2390 tributum
957 2349 1031 2391 csse
1061 2327 1195 2391 forsitan
1219 2327 1295 2390 inde
1319 2347 1395 2389 con-

261 2429 393 2494 cludere
416 2429 530 2509 liceat,
560 2429 646 2514 quod
672 2429 742 2492 fieri
765 2431 887 2514 potuit,
910 2436 946 2492 ut
969 2431 1201 2516 superscriptio
1226 2437 1259 2494 et
1281 2450 1395 2494 versus

260 2534 316 2597 ille
340 2532 625 2617 interpolarentur.
670 2531 824 2596 Fortasse
851 2532 912 2596 hoc
940 2553 1071 2598 carmen
1095 2533 1187 2618 quasi
1211 2525 1397 2598 ἀδέσποτον

260 2636 293 2699 in
317 2634 428 2700 codice
446 2635 585 2720 quodam
601 2635 704 2698 Paulo
721 2634 920 2721 adscriptum
944 2641 1005 2716 est,
1027 2637 1113 2700 unde
1135 2637 1252 2722 reliqui
1268 2637 1396 2702 codices

261 2739 419 2823 originem
436 2738 571 2802 duxere.
618 2737 683 2802 Sed
706 2738 767 2802 hac
791 2737 831 2802 de
854 2759 889 2802 rc
911 2740 992 2802 certi
1015 2739 1095 2802 nihil
1110 2739 1261 2804 contendi
1278 2746 1395 2826 potest,

260 2844 325 2907 nisi
352 2842 472 2928 optime
504 2842 641 2925 cognitis
671 2842 821 2906 omnibus
852 2841 1030 2924 codicibus,
1061 2827 1093 2906 in
1123 2843 1240 2928 quibus
1265 2865 1397 2907 carmen

260 2947 339 3010 illud
364 2946 511 3010 traditur.
557 2946 673 3031 Itaque
696 2966 781 3010 nunc
806 2945 937 3030 quidem
962 2947 1088 3010 cautius
1112 2952 1163 3010 est
1184 2947 1217 3010 in
1237 2968 1396 3033 suspenso

260 3053 447 3138 relinquere
471 3053 554 3116 hanc
578 3052 868 3137 quaestiunculam.
