3224 4946
727 296 940 358 ..78-

269 466 435 530 notatione
458 465 643 549 proposuit;
676 466 728 528 hic
760 467 846 530 enim
868 460 1007 550 χάραξεν
1031 467 1128 530 scribi
1151 468 1276 532 maluit.
1321 465 1406 529 Nam

269 576 404 655 propter
421 570 621 653 singularem
645 571 737 634 verbi
754 565 843 650 ἔξεσε
859 573 903 654 (v.
921 573 996 654 279)
1014 591 1127 634 vocem
1142 566 1254 656 χάλσψ
1270 570 1315 656 (v.
1329 568 1407 654 276)

271 679 304 736 et
331 673 427 737 huius
458 673 551 738 verbi
580 680 612 738 et
643 673 870 737 antecedentis
898 668 1075 759 χαράσσειν
1110 676 1296 739 subiectum
1332 695 1406 738 esse

270 782 373 861 putat,
399 777 527 840 etiamsi
550 797 608 861 pro
626 776 781 859 singulari
799 771 889 855 ἔξεσε
910 777 1005 841 facilc
1023 779 1140 863 corrigi
1156 799 1254 864 posse
1269 778 1406 863 pluralis

272 875 386 959 ἔξεσαν
404 880 555 944 concedit
579 883 620 960 (v.
639 882 700 942 279
715 878 813 963 adn).
861 879 925 942 Sed
948 880 1031 944 hanc
1048 881 1172 946 Graclii
1188 883 1406 946 coniecturam

272 985 324 1047 vel
348 984 420 1047 ideo
437 984 603 1068 impugno,
617 983 701 1066 quod
718 983 765 1046 sic
779 983 884 1047 forma
902 983 1059 1068 quaedam
1078 985 1111 1048 in
1127 991 1254 1049 textum
1271 985 1411 1049 infertur

273 1108 448 1171 numquam
472 1109 491 1150 a
507 1087 609 1150 Paulo
633 1108 674 1150 ue
698 1086 732 1149 in
749 1087 991 1172 epigrammatis
1009 1087 1141 1172 quidem
1163 1089 1196 1152 in
1212 1088 1276 1152 fine
1292 1109 1408 1152 versus

272 1190 424 1253 admissa.
478 1189 593 1274 Neque
623 1190 708 1254 enim
735 1189 819 1252 ullas
847 1190 977 1270 formas,
1007 1191 1122 1275 quibus
1149 1216 1166 1255 ν
1197 1193 1407 1278 paragogi-

273 1315 355 1358 cum
381 1287 638 1380 (ε’φελνυστικόν)
657 1292 743 1356 adici
764 1298 881 1378 potest,
905 1292 1053 1357 adhibuit
1075 1295 1108 1356 in
1132 1296 1279 1358 clausula
1294 1316 1409 1359 versus

272 1403 370 1482 poeta
398 1398 459 1460 hac
483 1417 612 1481 quoquc
637 1403 795 1486 exparte
818 1395 970 1460 Nonnum
994 1405 1140 1480 secutus,
1172 1399 1262 1462 cuius
1294 1399 1408 1461 mirum

272 1502 357 1565 hunc
377 1522 471 1564 usum
488 1501 639 1586 princeps
656 1499 842 1564 observavit
859 1499 1071 1564 Werniokius
1089 1500 1148 1586 (ad
1165 1501 1277 1587 Triph.
1294 1524 1325 1587 p.
1343 1503 1409 1584 66),

270 1607 455 1693 accuratius
487 1603 716 1668 Scheindlerus
745 1603 814 1689 (qu.
838 1604 943 1668 Noun.
971 1605 997 1685 Ι,
1020 1628 1052 1690 p.
1075 1609 1115 1668 65
1133 1627 1218 1690 sqq.;
1247 1606 1286 1670 ef.
1311 1606 1410 1669 etiam

274 1709 471 1774 Volkmann.
494 1708 514 1770 l.
531 1708 552 1773 l.
567 1731 598 1794 p.
614 1711 654 1770 30
672 1729 719 1791 sq.
765 1707 837 1771 Uno
854 1707 950 1772 Pauli
972 1708 1046 1773 loco
1069 1709 1101 1772 in
1123 1708 1244 1772 Gracfii
1269 1709 1410 1773 editione

273 1812 455 1876 huiusmodi
485 1811 588 1874 forma
619 1815 696 1892 stat,
720 1809 848 1873 11133:
872 1807 905 1873 ἔν
928 1803 1041 1876 ἔλσεσι
1065 1806 1327 1897 δενδροκόμοισι,
1354 1811 1411 1875 sed

274 1916 326 1980 hic
356 1937 468 1980 versus
496 1915 595 1978 ullius
626 1915 782 1977 momenti
806 1935 880 1978 esse
904 1916 1027 1999 nequit,
1053 1917 1128 2000 quia
1152 1916 1256 1981 codex
1281 1916 1410 1980 Gracfio

274 2027 359 2084 teste
383 2021 415 2083 in
438 2020 503 2083 fine
526 2019 621 2082 huius
644 2039 758 2082 versus
782 2019 957 2082 lacunosus
986 2026 1043 2084 est.
1089 2019 1219 2085 Revera
1241 2021 1411 2084 Palatinus

274 2125 357 2188 hacc
385 2124 537 2209 praebet:
575 2119 608 2186 ἐν
622 2169 723 2188 .....
757 2114 869 2186 ἄλσεσι
885 2171 1000 2188 ......
1045 2122 1161 2208 Itaque
1187 2123 1310 2188 Gracfii
1334 2145 1411 2188 con·

274 2229 401 2292 iectura
414 2227 543 2290 omnino
557 2248 620 2290 non
631 2225 810 2310 probabilis
827 2225 964 2290 videtur.
1010 2226 1061 2290 De
1077 2227 1204 2292 duobus
1222 2234 1330 2291 autem
1348 2228 1412 2291 illis

276 2332 424 2396 versibus
447 2330 496 2416 (II
523 2333 582 2394 133
602 2335 635 2394 et
654 2331 730 2413 277)
761 2330 846 2394 infra
879 2330 1042 2414 copiosius
1076 2331 1305 2417 disputandum
1341 2332 1412 2411 erit,

277 2437 353 2520 quia
374 2439 642 2520 proparoxytona
665 2435 696 2497 in
722 2434 868 2498 clausula
892 2439 975 2497 sunt.

366 2539 405 2602 Iu
423 2539 665 2624 epigrammatis
689 2537 748 2600 has
771 2538 893 2601 formas
917 2537 1046 2601 odiosas
1069 2539 1215 2624 repperi:
1239 2539 1289 2602 IX
1305 2541 1413 2619 396,3

277 2635 425 2706 ἀπέσπα.
471 2643 501 2705 V
519 2645 629 2723 244,4
653 2635 875 2723 tractaturos.
900 2644 1031 2722 255,18
1054 2637 1232 2725 καιόμεθσ.

364 2745 440 2809 Tro
451 2745 675 2809 choicorum
688 2743 929 2824 vocabulorum,
943 2744 1060 2828 quibus
1076 2745 1414 2830 poetaversumfinire

279 2871 379 2914 ausus
397 2855 457 2927 est,
482 2849 545 2914 alia
568 2849 630 2912 iam
649 2847 736 2934 apud
751 2847 903 2910 Nonnum
919 2847 1081 2932 leguntur,
1098 2849 1189 2911 velut
1217 2839 1316 2926 αὐτός
1332 2849 1413 2912 126.

280 2954 392 3017 11490
410 2959 472 3018 etc.
498 2952 547 3016 cf.
564 2953 669 3017 Noun.
691 2956 739 3032 11,
758 2954 819 3015 329
837 2951 930 3036 etc.¹)
949 2991 989 3000 —
1005 2946 1096 3037 ἔργον
1112 2954 1129 3017 Ι
1147 2956 1217 3016 174.
1242 2952 1291 3017 Of.
1308 2951 1414 3017 Noun.

280 3060 309 3136 3,
327 3059 389 3121 308
413 3062 473 3121 etc.
499 3093 537 3102 -
563 3048 660 3133 ἄλλος
678 3055 713 3118 ΙΙ
730 3059 801 3120 476.
827 3054 876 3121 Of.
893 3054 1000 3119 Noun.
1025 3057 1076 3136 23,
1095 3060 1145 3119 40.
1164 3093 1204 3102 —
1221 3056 1307 3136 Alia,
1332 3077 1414 3143 quae

279 3183 343 3224 non
368 3162 495 3225 obviam
520 3161 602 3223 fiunt
623 3160 655 3222 in
678 3159 786 3223 Nonni
811 3161 963 3239 carmine,
987 3160 1074 3224 haud
1096 3162 1234 3225 multum
1258 3161 1416 3226 recedunt

280 3286 299 3328 a
323 3263 469 3348 magistri
492 3285 563 3327 usu.
595 3261 658 3343 (Of.
683 3283 755 3324 cum
780 3262 880 3326 verbo
905 3253 1000 3346 οἶμον
1021 3263 1131 3327 Nonni
1153 3263 1271 3347 μῦθον,
1295 3271 1331 3327 ut
1354 3263 1416 3326 hoo

279 3375 353 3432 utar
382 3368 550 3454 exemplo;
579 3386 674 3451 porro
702 3365 830 3451 φῶτας,
864 3355 978 3446 οὖδας,
1007 3360 1101 3447 λαός,
1125 3361 1252 3448 νυκτός,
1277 3361 1417 3455 φαιδρός

281 3473 321 3538 al.
346 3471 432 3557 apud
455 3470 593 3534 Paulum
615 3489 728 3534 versus
753 3467 933 3554 claudunt).

366 3574 626 3653 Vocabulorum,
650 3593 734 3658 quae
757 3573 789 3636 in
812 3574 1003 3637 trochaeum
1027 3581 1161 3655 exeunt,
1186 3574 1267 3639 haec
1290 3573 1415 3638 adfero:

282 3673 404 3765 ἀγῶνος
434 3675 487 3760 (of.
514 3677 650 3758 χιτῶνος
676 3676 782 3743 Noun.
811 3681 836 3752 1,
865 3679 904 3740 35
929 3677 1024 3762 eta),
1060 3678 1240 3766 Βασιλῆσς,
1271 3681 1418 3763 γυναῖκες

282 3783 338 3867 (cf.
361 3784 516 3869 γυναῖκας
538 3781 645 3846 Nonn.
666 3788 692 3862 1,
715 3778 799 3863 119),
823 3784 920 3846 θεοῖο
941 3781 1110 3869 (terapud
1127 3780 1291 3867 Paulum),
1315 3781 1417 3847 ἐκεῖνο

286 3887 374 3972 (ter),
398 3879 521 3969 ὁμοῖον,
544 3885 665 3966 χιτῶνα
689 3886 730 3949 al.

370 3989 436 4056 Sed
465 3989 593 4054 etiamsi
620 3989 759 4052 Paulum
791 4009 887 4074 parce
916 3989 1084 4054 trochaica
1105 3989 1267 4052 vocabula
1290 3990 1336 4052 sic
1360 3989 1417 4052 ad-

283 4095 427 4159 hibuisse
452 4115 494 4158 ex
518 4093 574 4168 eis,
596 4113 679 4177 quae
698 4091 775 4172 dixi,
792 4095 1000 4178 conspicuum
1026 4099 1086 4173 est,
1103 4097 1211 4156 tamen
1227 4092 1418 4176 magistrum

372 4319 391 4380 ¹)
410 4316 450 4369 De
468 4315 562 4370 Nonni
587 4331 639 4368 usu
663 4314 697 4368 cf.
716 4315 844 4384 exempla
866 4333 883 4370 a
902 4314 1064 4370 Ludwichio
1083 4314 1175 4380 (Bellr.
1194 4332 1220 4384 p.
1234 4315 1269 4368 60
1292 4315 1367 4382 adn.)
1391 4317 1420 4368 et

283 4401 430 4468 aMeyero
449 4401 510 4468 (1.1,
529 4421 555 4470 p.
571 4401 648 4468 1011)
668 4400 851 4454 commodata.
1248 4437 1249 4444 η
