3252 4954
711 289 925 348 „42-

252 465 336 521 sunt.
384 457 438 522 Sic
462 457 501 520 ad
523 456 730 542 Triphiodori
754 457 807 520 Ilii
833 459 1109 542 expugnationem
1133 457 1347 520 Werniekius
1363 457 1388 540 1)

252 561 480 625 adnotationes
509 582 670 646 persaepe
694 561 842 625 laudatas
867 561 1005 646 scripsit,
1029 561 1062 624 in
1086 561 1202 645 quibus
1226 581 1290 623 non
1316 581 1387 623 raro

250 685 344 728 usum
381 665 551 729 metricum
586 666 705 749 attigit.
765 663 1060 748 Baumgartenus2)
1100 686 1176 728 vero
1209 685 1312 748 nuper
1349 663 1389 726 de

252 767 460 832 Christodoro
486 767 750 833 dissertationem
773 769 859 832 foras
884 768 982 847 dedit,
1007 769 1097 831 cuius
1122 768 1223 831 maior
1248 789 1323 852 pars
1348 767 1388 831 de

252 877 320 935 arte
337 871 474 934 metrica
498 877 531 934 et
548 871 588 934 de
606 871 747 936 dictione
764 871 858 934 huius
876 877 992 957 poetae
1013 876 1063 934 est
1088 870 1110 954 ).

337 971 499 1057 Equidem
530 973 690 1058 quomodo
714 973 837 1036 Paulus
862 973 1068 1037 silentiarius
1101 973 1134 1036 in
1158 974 1293 1036 metrica
1318 979 1388 1036 arte

252 1077 433 1140 excolenda
455 1076 565 1140 Nonni
593 1077 731 1160 vestigia
753 1084 946 1161 persecutus
971 1079 1027 1155 sit,
1057 1079 1090 1140 in
1118 1077 1177 1140 hoc
1200 1078 1306 1162 capite
1330 1077 1388 1140 de-

251 1185 431 1244 monstrare
441 1181 593 1260 conabor,
602 1181 634 1243 in
645 1201 707 1264 quo
721 1180 979 1265 dispositionem,
988 1182 1116 1264 qualem
1127 1182 1390 1264 Baumgartenus

252 1283 417 1363 adhibuit,
452 1285 593 1348 retinere
628 1306 691 1349 non
725 1285 867 1348 alienum
901 1285 979 1348 mihi
1014 1285 1199 1364 videbatur,
1238 1290 1270 1347 et
1304 1283 1389 1368 quod

252 1388 374 1450 nullam
398 1389 556 1472 aptiorem
579 1388 655 1451 huic
679 1389 836 1452 materiae
861 1410 934 1452 esse
958 1395 1054 1473 puto,
1087 1394 1120 1452 et
1143 1388 1243 1472 quod,
1267 1387 1388 1472 siquis

255 1489 458 1554 Christodori
481 1497 514 1554 et
536 1491 631 1554 Pauli
654 1493 746 1576 leges
769 1493 853 1555 inter
877 1513 912 1555 se
937 1513 1126 1577 comparare
1149 1491 1300 1569 voluerit,
1325 1491 1387 1554 hoc

254 1594 350 1657 modo
375 1594 514 1658 celerius
538 1595 699 1658 adfinem
722 1595 901 1680 perveniet.

340 1697 413 1760 Hoc
436 1703 547 1761 autem
570 1698 744 1782 praemitto
769 1697 1015 1761 observationes
1038 1719 1128 1761 meas
1154 1702 1304 1782 spectare
1328 1699 1388 1760 im-

258 1801 370 1885 primis
395 1801 436 1865 ad
452 1822 589 1886 magnae
608 1801 767 1864 ecclesiae
784 1801 1048 1885 descriptionem,
1075 1801 1151 1885 quia
1173 1801 1235 1864 hoc
1259 1822 1389 1866 carmen

258 1905 420 1968 continuis
447 1905 648 1968 hexametris
680 1905 844 1968 conditum
868 1911 927 1969 est.
974 1903 1256 1989 Epigrammatum
1280 1911 1389 1968 autem

252 2013 357 2071 artem
387 2008 554 2072 metricam
585 2014 653 2070 turn
688 2008 817 2072 demum
849 2006 1193 2088 commemorabimus,
1229 2005 1255 2070 si
1285 2029 1325 2071 ea
1355 2029 1388 2070 re

254 2115 431 2199 conspicua
454 2119 518 2194 est,
542 2112 628 2198 quod
651 2121 750 2197 poeta
772 2111 867 2176 valde
892 2111 1028 2176 discedit
1051 2133 1070 2174 a
1093 2112 1216 2196 regula.
1263 2109 1388 2184 Quibus

254 2219 286 2281 in
311 2217 509 2281 carminibus
541 2218 568 2280 si
591 2218 688 2302 paulo
716 2216 901 2280 liberiorem
925 2216 1145 2279 invenerimus
1168 2216 1261 2279 Pauli
1284 2238 1389 2297 usum,

254 2342 317 2385 non
341 2321 551 2394 mirabimur;
575 2320 656 2384 haec
680 2320 765 2382 enim
783 2319 916 2383 licentia
939 2319 1009 2403 ipsa
1032 2319 1127 2382 huius
1145 2340 1285 2404 poeseos
1308 2321 1389 2384 levi-

255 2431 322 2488 tate
347 2445 411 2488 non
436 2425 541 2488 solum
565 2424 642 2487 satis
660 2430 844 2502 excusatur,
869 2423 926 2486 sed
950 2423 1049 2486 etiarn
1071 2443 1177 2507 paene
1198 2424 1389 2508 postulatur.

345 2534 372 2590 l.
407 2527 478 2590 Iam
503 2527 728 2606 Hermannus,
754 2547 826 2590 cum
850 2525 891 2590 de
916 2531 1077 2588 structura
1099 2526 1284 2590 hexametri
1300 2527 1389 2590 Non-

252 2631 342 2694 niani
374 2629 568 2711 dissereret,
603 2631 706 2715 primo
741 2631 813 2694 loco
843 2629 970 2692 animos
1000 2629 1041 2692 ad
1070 2630 1269 2714 singularem
1299 2631 1390 2694 illum

252 2757 347 2799 usum
373 2735 539 2814 convertit,
565 2735 619 2820 qui
643 2735 805 2798 neminem
830 2735 934 2798 latere
958 2740 1078 2819 potest,
1103 2735 1157 2818 qui
1182 2735 1292 2818 aliqua
1315 2735 1386 2798 dili-

253 2841 364 2925 gentia
381 2839 611 2924 Panopolitani
635 2860 749 2902 versus
774 2838 927 2902 observet
950 2839 985 2917 (l.
1002 2838 1022 2902 l.
1039 2859 1069 2922 p.
1087 2841 1173 2920 696).
1218 2837 1280 2900 Est
1304 2839 1389 2901 enim

252 2943 534 3028 frequentissimus
552 2964 631 3006 usus
655 2963 845 3008 caesurae
869 2941 1100 3006 trochaicae
1124 2942 1266 3005 tertiae
1289 2935 1388 3024 (κατὰ

252 3043 362 3133 τρίτον
384 3048 561 3133 τροχαῖον),
587 3068 670 3131 quae
696 3048 826 3110 omnino
850 3047 1017 3132 praevalet
1041 3051 1117 3108 ante
1139 3065 1309 3109 caesuram
1337 3068 1389 3109 se-

257 3151 485 3235 miquinariam
508 3149 828 3235 (penthemimeren).
874 3148 974 3212 Ouius
995 3170 1074 3212 usus
1098 3149 1138 3212 de
1156 3149 1263 3212 causis
1279 3150 1389 3213 variae

258 3255 465 3318 coniecturae
497 3255 704 3337 excogitatae
735 3258 825 3334 sunt,
853 3253 943 3316 velut
965 3275 984 3316 a
1007 3253 1248 3337 Baumgarteno
1273 3251 1318 3336 (p.
1335 3252 1390 3337 24)

257 3363 289 3421 et
313 3379 332 3421 a
353 3356 567 3420 Scheindlero
592 3355 701 3440 (Stud.
717 3355 858 3421 Vindob.
879 3358 969 3421 1880.
994 3380 1024 3441 p.
1045 3357 1109 3440 42).
1156 3355 1238 3419 Mihi
1261 3354 1390 3440 quidem

256 3462 339 3524 haec
362 3481 414 3524 res
430 3460 607 3524 cohaerere
622 3459 751 3523 videtur
764 3481 836 3522 cum
849 3460 1001 3524 universo
1011 3459 1120 3523 Nouni
1138 3460 1244 3524 studio
1263 3482 1391 3545 semper

255 3562 478 3642 observando,
509 3583 572 3647 quo
597 3568 777 3626 commotus
801 3568 900 3647 poeta
922 3584 1051 3626 versum
1076 3564 1260 3644 heroicum,
1284 3563 1390 3649 quoad

344 3737 364 3804 ¹)
386 3734 578 3807 Tpvrpcodoipou
598 3730 695 3792 ἅλωσις
712 3728 793 3785 Ἰλίου
819 3733 908 3788 edidit
926 3733 969 3787 Fr.
987 3735 1058 3802 Aug.
1071 3733 1228 3788 Wcrnicke.
1280 3733 1391 3803 Lipsiae

255 3823 330 3878 1819.

342 3912 361 3974 ²)
388 3907 544 3962 Fridericus
576 3908 765 3975 Baumgarten
799 3907 862 3971 „De
894 3905 1072 3961 Christodoro
1107 3909 1192 3976 poeta
1231 3907 1391 3961 Thebano.“

252 3996 366 4048 Bonnae
387 3996 461 4050 1881.

342 4084 362 4148 ξι)
382 4082 451 4134 Item
471 4097 560 4149 nuper
578 4079 749 4133 Ricardus
770 4079 917 4133 Holland
936 4079 967 4132 in
980 4080 1270 4145 commentationibus,
1290 4079 1391 4148 quibus

254 4167 353 4221 Ottoni
371 4167 526 4220 Ribbeckio
545 4165 778 4235 congratulantur
797 4164 926 4234 discipuli
946 4165 1103 4235 Lipsienses
1123 4165 1211 4234 (1888)
1230 4185 1256 4234 p.
1269 4167 1320 4220 383
1333 4184 1392 4234 sqq.

254 4253 309 4320 (‘de
327 4253 436 4322 Alpheo
455 4254 484 4306 et
502 4252 660 4318 Arethusa')
680 4250 818 4304 uberrime
839 4251 881 4305 ita
899 4251 1057 4320 disputavit
1075 4253 1109 4304 de
1124 4251 1314 4320 Anthologiae
1332 4253 1391 4306 Pal.

255 4356 337 4394 carm.
358 4339 397 4392 IX
409 4339 469 4404 362,
489 4341 521 4392 nt
539 4355 608 4406 quas
628 4339 662 4392 de
674 4337 768 4392 Nonni
787 4339 847 4392 arte
866 4339 982 4392 metrica
997 4338 1203 4392 constituerunt
1221 4338 1305 4407 leges,
1324 4356 1392 4392 num

254 4443 350 4481 revera
368 4424 514 4478 adhibitae
534 4427 633 4488 essent,
655 4424 807 4494 diligenter
826 4424 1005 4478 examinaret.
