3230 4956
312 1106 518 1171 Godofredus
541 1107 752 1171 Hermannus
776 1110 949 1192 postquam
977 1105 1010 1168 in
1039 1089 1120 1168 libro
1144 1103 1184 1168 de
1209 1103 1359 1190 Orphicis

225 1212 404 1298 composito
426 1212 549 1297 primus
580 1210 747 1274 historiam
776 1231 891 1274 versus
920 1209 1043 1274 heroici
1075 1209 1253 1290 enarravit,
1282 1229 1361 1272 mox

226 1317 410 1380 accuratius
439 1317 663 1381 disseruerunt
694 1315 754 1379 viri
787 1315 873 1379 docti
910 1315 951 1380 de
978 1313 1086 1380 Nonni
1121 1320 1191 1378 arte
1224 1313 1361 1377 metrica

225 1420 372 1505 profecto
401 1426 467 1484 tarn
490 1421 586 1499 mira,
614 1425 651 1484 ut
672 1440 886 1505 permagnam
908 1419 1081 1482 materiem
1103 1417 1222 1480 talibus
1247 1415 1360 1480 obser-

225 1525 411 1588 vationibus
435 1524 668 1588 subministret.
715 1523 788 1596 Qua
812 1523 852 1587 de
869 1521 1097 1607 cognoscenda
1114 1521 1235 1606 optime
1255 1520 1361 1584 meriti

227 1635 302 1692 sunt
324 1627 495 1710 Lehrsius,
520 1627 764 1707 Volkmannus,
793 1626 950 1691 Tiedkius
982 1627 1047 1690 alii.
1092 1624 1202 1688 Etiam
1230 1623 1270 1687 de
1294 1624 1361 1686 sin-

226 1733 331 1817 gulari
360 1753 510 1795 sermone
538 1736 656 1816 poetae
684 1731 914 1816 Panopolitani
943 1730 1119 1794 nonnullae
1147 1727 1254 1792 editae
1287 1732 1363 1791 sunt

227 1835 529 1900 dissertatiunculae
545 1835 636 1898 velut
652 1835 693 1898 ab
710 1833 893 1915 Assmusio,
911 1833 1055 1918 Riglero,
1071 1831 1272 1896 Ludwiohio.
1309 1831 1361 1896 De

226 1939 370 2001 fontibus
395 1943 514 2018 autem,
539 1936 656 2020 quibus
678 1935 814 2000 Nonnus
830 1936 1013 1999 fabularum
1036 1935 1182 1999 hortulos
1202 1935 1363 2019 irrigaret,

228 2041 360 2124 egregie
397 2041 465 2124 egit
505 2039 707 2102 Reinholdus
748 2039 894 2102 Koehler
926 2039 1156 2104 dissertatione
1198 2027 1282 2104 Uber
1313 2039 1364 2102 die

165 2170 168 2174 ·
227 2143 425 2226 Dionysiaca
450 2142 503 2206 des
518 2127 655 2205 Noricus
678 2161 737 2204 oca
753 2140 926 2222 Panopolis
948 2141 1059 2224 (Hodie
1080 2142 1179 2225 1853)
1198 2143 1364 2226 inscripta,

230 2268 313 2333 quae
336 2247 423 2310 lectu
447 2245 637 2330 dignissima
661 2251 719 2310 est.

314 2351 439 2415 Verum
456 2349 680 2414 desideramus
700 2349 806 2414 adhuc
821 2350 1137 2429 commentationem,
1159 2369 1242 2434 quae
1258 2353 1363 2412 totum

227 2455 380 2519 Nonnum
402 2460 534 2540 poetam
558 2454 742 2517 accuratius
766 2454 862 2517 nobis
886 2453 945 2516 sub
962 2453 1155 2538 adspectum
1177 2452 1362 2516 subiecerit.

229 2558 295 2624 Sed
313 2561 340 2622 si
356 2559 420 2622 iam
437 2564 564 2643 patrem
581 2557 663 2622 adeo
679 2559 867 2642 neglectum
883 2557 1072 2636 viderimus,
1090 2556 1227 2618 filiorum
1243 2561 1364 2619 sortem

229 2684 301 2727 esse
325 2663 503 2744 meliorem,
528 2663 599 2747 quis
624 2669 684 2741 est,
709 2663 763 2746 qui
781 2666 972 2747 exspectet?
1018 2660 1134 2744 ltaque
1158 2659 1257 2724 etiarn
1273 2657 1362 2722 Non·

226 2769 408 2849 nianorum,
433 2768 487 2852 qui
511 2767 672 2846 dicuntur,
696 2767 828 2850 ingenia
844 2787 918 2830 raro
935 2760 1069 2829 uberius
1087 2764 1253 2850 descripta
1278 2770 1362 2845 sunt,

229 2873 329 2936 veluti
343 2871 551 2957 Triphiodori
566 2869 783 2935 aWernickio
797 2876 853 2934 aut
866 2869 1067 2933 Christodori
1080 2869 1364 2952 aBaumgarteno.

317 2975 422 3048 Quam
447 2975 580 3038 obrem
604 2975 692 3038 haud
716 2975 860 3038 alienum
876 2974 1051 3038 videbatur
1073 2972 1113 3037 de
1138 2994 1201 3036 uno
1226 2993 1268 3036 ex
1291 2973 1363 3035 imi-

228 3079 387 3143 tatoribus
418 3079 527 3142 Nonni
562 3079 736 3157 extremis,
771 3079 825 3163 qui
864 3076 1121 3162 Byzantinorum
1162 3077 1371 3161 temporibus

228 3183 324 3264 vixit,
360 3183 399 3248 de
430 3183 557 3246 Paulo
583 3181 822 3246 Silentiario
854 3181 1017 3267 copiosius
1047 3201 1224 3265 exponere.
1278 3179 1363 3243 Nam

228 3308 424 3371 quamquam
452 3287 514 3350 viri
545 3286 647 3366 docti,
677 3307 750 3348 oum
780 3285 888 3348 Nonni
917 3290 1021 3348 artem
1050 3284 1219 3347 metricam
1251 3283 1362 3348 obser-

229 3397 355 3472 varent,
390 3391 472 3454 alius
509 3389 571 3452 alio
606 3389 678 3452 loco
710 3388 750 3452 de
783 3387 885 3451 Paulo
917 3408 1046 3472 quoque
1075 3387 1180 3450 obiter
1210 3393 1307 3471 atque
1330 3388 1364 3450 in

228 3499 418 3558 transcursu
450 3497 601 3578 egerunt,
632 3491 793 3577 quomodo
818 3491 966 3575 magistri
989 3492 1080 3574 leges
1105 3496 1237 3554 secutus
1264 3497 1363 3572 esset,

228 3606 339 3664 tamen
362 3620 458 3664 nemo
482 3599 599 3678 adhuc,
624 3603 747 3682 quanta
776 3601 865 3660 esset
887 3596 972 3658 inter
994 3594 1147 3658 Nonnum
1171 3601 1204 3658 et
1225 3595 1364 3658 Paulum

230 3711 263 3768 et
285 3704 319 3766 in
342 3708 411 3767 arte
435 3702 570 3766 metrica
595 3705 627 3764 et
650 3701 684 3764 in
708 3720 858 3764 sermone
874 3699 1006 3784 poetico
1025 3697 1243 3780 necessitudo,
1267 3719 1363 3762 aceu-

229 3811 299 3870 rate
315 3805 494 3890 descripsit,
516 3809 572 3868 aut
589 3803 778 3888 diligentius
792 3801 977 3888 quaerendo
994 3801 1035 3866 de
1051 3801 1212 3886 poematis
1227 3821 1247 3863 a
1262 3799 1365 3864 Paulo
1423 3806 1425 3810 ’

228 3909 373 3990 traditis,
405 3907 446 3971 de
479 3927 617 3992 magnae
646 3907 806 3971 ecclesiae
836 3906 1054 3991 descriptione
1084 3909 1116 3967 et
1143 3904 1364 3988 Anthologiae

230 4012 400 4077 Palatinae
414 4011 669 4098 epigrammatis,
686 4011 860 4094 imaginem
876 4009 971 4074 huius
984 4012 1101 4093 poetae
1114 4027 1209 4090 quam
1222 4008 1364 4072 maxime

229 4115 407 4201 perfectam
432 4116 617 4200 exprimere
642 4119 777 4178 conatus
802 4118 861 4178 est.
