<?xml version="1.0" encoding="UTF-8"?>
<!DOCTYPE html PUBLIC "-//W3C//DTD XHTML 1.0 Transitional//EN"
    "http://www.w3.org/TR/xhtml1/DTD/xhtml1-transitional.dtd">
<html xmlns="http://www.w3.org/1999/xhtml" xml:lang="en" lang="en">
 <head>
  <title>
</title>
<meta http-equiv="Content-Type" content="text/html;charset=utf-8" />
  <meta name='ocr-system' content='tesseract 3.04.00' />
  <meta name='ocr-capabilities' content='ocr_page ocr_carea ocr_par ocr_line ocrx_word'/>
</head>
<body>
  <div class='ocr_page' id='page_1' title='image "./depaulosilentar00merigoog_0049.png"; bbox 0 0 3252 4954; ppageno 0'>
   <div class='ocr_carea' id='block_1_1' title="bbox 248 481 1383 1008">
    <p class='ocr_par' dir='ltr' id='par_1_1' title="bbox 248 481 1383 1008">
     <span class='ocr_line' id='line_1_1' title="bbox 352 481 1296 581; baseline -0.004 -25"><span class='ocrx_word' id='word_1_1' title='bbox 352 493 401 581; x_wconf 77' lang='grc' dir='ltr'>πῇ</span> <span class='ocrx_word' id='word_1_2' title='bbox 423 490 585 580; x_wconf 67' lang='grc' dir='ltr'><em>φέρομαι,</em></span> <span class='ocrx_word' id='word_1_3' title='bbox 606 488 658 570; x_wconf 81' lang='grc' dir='ltr'>τίς</span> <span class='ocrx_word' id='word_1_4' title='bbox 679 492 790 575; x_wconf 85' lang='grc' dir='ltr'><em>μῦθον</em></span> <span class='ocrx_word' id='word_1_5' title='bbox 812 483 982 578; x_wconf 74' lang='grc' dir='ltr'><em>ἀνήρπασε</em></span> <span class='ocrx_word' id='word_1_6' title='bbox 1004 483 1171 573; x_wconf 80' lang='grc' dir='ltr'><em>πλαγκτόν</em></span> <span class='ocrx_word' id='word_1_7' title='bbox 1193 481 1296 575; x_wconf 74' lang='grc' dir='ltr'><em>ἀήτης</em></span> 
     </span>
     <span class='ocr_line' id='line_1_2' title="bbox 353 587 1221 681; baseline -0.007 -19"><span class='ocrx_word' id='word_1_8' title='bbox 353 587 473 680; x_wconf 80' lang='grc' dir='ltr'><em>οἷάπερ</em></span> <span class='ocrx_word' id='word_1_9' title='bbox 496 593 528 660; x_wconf 79' lang='grc' dir='ltr'>ἕν</span> <span class='ocrx_word' id='word_1_10' title='bbox 551 590 746 680; x_wconf 72' lang='grc' dir='ltr'><em>πελάγεσσι,</em></span> <span class='ocrx_word' id='word_1_11' title='bbox 768 592 869 678; x_wconf 79' lang='grc' dir='ltr'><em>μέσον</em></span> <span class='ocrx_word' id='word_1_12' title='bbox 891 590 1122 681; x_wconf 78' lang='grc' dir='ltr'><em>παραδέδρομε</em></span> <span class='ocrx_word' id='word_1_13' title='bbox 1144 593 1221 676; x_wconf 72' lang='grc' dir='ltr'><em>νηοῦ</em></span> 
     </span>
     <span class='ocr_line' id='line_1_3' title="bbox 352 689 1166 784; baseline -0.007 -20"><span class='ocrx_word' id='word_1_14' title='bbox 352 701 456 783; x_wconf 73' lang='grc' dir='ltr'><em>χοῖρον</em></span> <span class='ocrx_word' id='word_1_15' title='bbox 477 691 703 784; x_wconf 66' lang='grc' dir='ltr'><em>ὑπερκύδαντα</em></span> <span class='ocrx_word' id='word_1_16' title='bbox 726 718 734 732; x_wconf 92' lang='grc'><strong><em>·</em></strong></span> <span class='ocrx_word' id='word_1_17' title='bbox 757 693 858 762; x_wconf 83' lang='grc' dir='ltr'><em>πάλιν</em></span> <span class='ocrx_word' id='word_1_18' title='bbox 879 692 1036 782; x_wconf 69' lang='grc' dir='ltr'><em>νόστησον</em></span> <span class='ocrx_word' id='word_1_19' title='bbox 1058 689 1166 783; x_wconf 77' lang='grc' dir='ltr'><em>ἀοιδή.</em></span> 
     </span>
     <span class='ocr_line' id='line_1_4' title="bbox 248 815 1383 904; baseline -0.006 -22"><span class='ocrx_word' id='word_1_20' title='bbox 248 821 351 883; x_wconf 90' lang='lat' dir='ltr'>altero</span> <span class='ocrx_word' id='word_1_21' title='bbox 366 820 438 884; x_wconf 91' lang='lat' dir='ltr'>loco</span> <span class='ocrx_word' id='word_1_22' title='bbox 457 819 504 902; x_wconf 91' lang='lat' dir='ltr'>(II</span> <span class='ocrx_word' id='word_1_23' title='bbox 521 818 598 903; x_wconf 84' lang='lat'>339)</span> <span class='ocrx_word' id='word_1_24' title='bbox 614 826 713 904; x_wconf 89' lang='lat' dir='ltr'>poeta</span> <span class='ocrx_word' id='word_1_25' title='bbox 736 840 772 883; x_wconf 90' lang='lat' dir='ltr'>se</span> <span class='ocrx_word' id='word_1_26' title='bbox 796 819 866 903; x_wconf 89' lang='lat' dir='ltr'>ipse</span> <span class='ocrx_word' id='word_1_27' title='bbox 889 817 940 881; x_wconf 88' lang='lat' dir='ltr'>his</span> <span class='ocrx_word' id='word_1_28' title='bbox 958 818 1065 881; x_wconf 85' lang='lat' dir='ltr'>verbis</span> <span class='ocrx_word' id='word_1_29' title='bbox 1081 816 1224 895; x_wconf 82' lang='lat' dir='ltr'>retinuit,</span> <span class='ocrx_word' id='word_1_30' title='bbox 1249 835 1289 877; x_wconf 92' lang='lat' dir='ltr'>ne</span> <span class='ocrx_word' id='word_1_31' title='bbox 1312 815 1383 876; x_wconf 91' lang='lat' dir='ltr'>lon-</span> 
     </span>
     <span class='ocr_line' id='line_1_5' title="bbox 248 919 1177 1008; baseline -0.004 -23"><span class='ocrx_word' id='word_1_32' title='bbox 248 923 321 1007; x_wconf 87' lang='lat' dir='ltr'>gius</span> <span class='ocrx_word' id='word_1_33' title='bbox 343 922 537 1008; x_wconf 83' lang='lat' dir='ltr'>procederet</span> <span class='ocrx_word' id='word_1_34' title='bbox 559 923 592 986; x_wconf 90' lang='lat' dir='ltr'>in</span> <span class='ocrx_word' id='word_1_35' title='bbox 615 920 838 986; x_wconf 89' lang='lat' dir='ltr'>describendis</span> <span class='ocrx_word' id='word_1_36' title='bbox 862 921 983 985; x_wconf 89' lang='lat' dir='ltr'>sanctis</span> <span class='ocrx_word' id='word_1_37' title='bbox 1008 919 1177 983; x_wconf 89' lang='lat' dir='ltr'>altaribus:</span> 
     </span>
    </p>
   </div>
   <div class='ocr_carea' id='block_1_2' title="bbox 375 1034 1277 1337">
    <p class='ocr_par' dir='ltr' id='par_1_2' title="bbox 375 1034 1277 1337">
     <span class='ocr_line' id='line_1_6' title="bbox 376 1034 1277 1130; baseline -0.001 -24"><span class='ocrx_word' id='word_1_38' title='bbox 376 1044 426 1129; x_wconf 78' lang='grc' dir='ltr'>πῇ</span> <span class='ocrx_word' id='word_1_39' title='bbox 448 1041 611 1130; x_wconf 76' lang='grc' dir='ltr'><em>φέρομαι,</em></span> <span class='ocrx_word' id='word_1_40' title='bbox 633 1044 682 1130; x_wconf 76' lang='grc' dir='ltr'>πῆ</span> <span class='ocrx_word' id='word_1_41' title='bbox 703 1043 813 1125; x_wconf 82' lang='grc' dir='ltr'><em>μῦθος</em></span> <span class='ocrx_word' id='word_1_42' title='bbox 837 1037 895 1106; x_wconf 80' lang='grc' dir='ltr'><em>ἶιὺν</em></span> <span class='ocrx_word' id='word_1_43' title='bbox 918 1034 1070 1122; x_wconf 79' lang='grc' dir='ltr'><em>ἆχοὶλινος</em></span> <span class='ocrx_word' id='word_1_44' title='bbox 1093 1034 1213 1118; x_wconf 75' lang='grc' dir='ltr'><em>ὁδεύει,</em></span> <span class='ocrx_word' id='word_1_45' title='bbox 1273 1120 1277 1126; x_wconf 31' lang='grc' dir='ltr'>Ι</span> 
     </span>
     <span class='ocr_line' id='line_1_7' title="bbox 375 1138 1121 1233; baseline 0 -24"><span class='ocrx_word' id='word_1_46' title='bbox 375 1139 465 1228; x_wconf 76' lang='grc' dir='ltr'><em>ἴσχεο</em></span> <span class='ocrx_word' id='word_1_47' title='bbox 487 1140 676 1233; x_wconf 82' lang='grc' dir='ltr'><em>τολμήεσσα</em></span> <span class='ocrx_word' id='word_1_48' title='bbox 697 1139 857 1229; x_wconf 84' lang='grc' dir='ltr'><em>μεμοκότι</em></span> <span class='ocrx_word' id='word_1_49' title='bbox 880 1141 985 1227; x_wconf 87' lang='grc' dir='ltr'><em>χείλεϊ</em></span> <span class='ocrx_word' id='word_1_50' title='bbox 1004 1138 1121 1232; x_wconf 80' lang='grc' dir='ltr'><em>φωνή·</em></span> 
     </span>
     <span class='ocr_line' id='line_1_8' title="bbox 376 1238 1274 1337; baseline 0.003 -23"><span class='ocrx_word' id='word_1_51' title='bbox 376 1250 451 1337; x_wconf 77' lang='grc' dir='ltr'>μηδ’</span> <span class='ocrx_word' id='word_1_52' title='bbox 474 1245 523 1315; x_wconf 69' lang='grc' dir='ltr'>ἔτι</span> <span class='ocrx_word' id='word_1_53' title='bbox 546 1245 756 1336; x_wconf 73' lang='grc' dir='ltr'><em>γομνώσειας,</em></span> <span class='ocrx_word' id='word_1_54' title='bbox 780 1238 803 1313; x_wconf 76' lang='grc' dir='ltr'>ἃ</span> <span class='ocrx_word' id='word_1_55' title='bbox 824 1244 870 1337; x_wconf 83' lang='grc' dir='ltr'>μὴ</span> <span class='ocrx_word' id='word_1_56' title='bbox 896 1247 1003 1331; x_wconf 80' lang='grc' dir='ltr'><em>θέμις,</em></span> <span class='ocrx_word' id='word_1_57' title='bbox 1028 1241 1155 1331; x_wconf 76' lang='grc' dir='ltr'><em>’ὄμμασι</em></span> <span class='ocrx_word' id='word_1_58' title='bbox 1177 1246 1274 1310; x_wconf 69' lang='grc' dir='ltr'><em>λαῶν.</em></span> 
     </span>
    </p>
   </div>
   <div class='ocr_carea' id='block_1_3' title="bbox 246 1369 1384 1976">
    <p class='ocr_par' dir='ltr' id='par_1_3' title="bbox 246 1369 1384 1976">
     <span class='ocr_line' id='line_1_9' title="bbox 247 1369 1382 1458; baseline -0.002 -24"><span class='ocrx_word' id='word_1_59' title='bbox 247 1369 372 1442; x_wconf 82' lang='lat' dir='ltr'>Quibus</span> <span class='ocrx_word' id='word_1_60' title='bbox 396 1373 476 1437; x_wconf 90' lang='lat' dir='ltr'>locis</span> <span class='ocrx_word' id='word_1_61' title='bbox 501 1375 603 1437; x_wconf 91' lang='lat' dir='ltr'>oratio</span> <span class='ocrx_word' id='word_1_62' title='bbox 627 1395 666 1438; x_wconf 91' lang='lat' dir='ltr'>eo</span> <span class='ocrx_word' id='word_1_63' title='bbox 691 1393 819 1458; x_wconf 91' lang='lat' dir='ltr'>quoque</span> <span class='ocrx_word' id='word_1_64' title='bbox 843 1371 981 1434; x_wconf 89' lang='lat' dir='ltr'>vividior</span> <span class='ocrx_word' id='word_1_65' title='bbox 1003 1371 1057 1450; x_wconf 93' lang='lat' dir='ltr'>fit,</span> <span class='ocrx_word' id='word_1_66' title='bbox 1081 1369 1166 1455; x_wconf 90' lang='lat' dir='ltr'>quod</span> <span class='ocrx_word' id='word_1_67' title='bbox 1189 1375 1287 1454; x_wconf 90' lang='lat' dir='ltr'>poeta</span> <span class='ocrx_word' id='word_1_68' title='bbox 1310 1369 1382 1454; x_wconf 88' lang='lat' dir='ltr'>ipse</span> 
     </span>
     <span class='ocr_line' id='line_1_10' title="bbox 247 1473 1384 1562; baseline -0.002 -24"><span class='ocrx_word' id='word_1_69' title='bbox 247 1497 339 1539; x_wconf 89' lang='lat' dir='ltr'>suam</span> <span class='ocrx_word' id='word_1_70' title='bbox 361 1478 580 1542; x_wconf 83' lang='lat' dir='ltr'>narrationem</span> <span class='ocrx_word' id='word_1_71' title='bbox 604 1483 660 1542; x_wconf 89' lang='lat' dir='ltr'>aut</span> <span class='ocrx_word' id='word_1_72' title='bbox 675 1498 790 1542; x_wconf 87' lang='lat' dir='ltr'>vocem</span> <span class='ocrx_word' id='word_1_73' title='bbox 807 1477 899 1561; x_wconf 85' lang='lat' dir='ltr'>quasi</span> <span class='ocrx_word' id='word_1_74' title='bbox 915 1496 1072 1562; x_wconf 87' lang='lat' dir='ltr'>personas</span> <span class='ocrx_word' id='word_1_75' title='bbox 1096 1475 1235 1539; x_wconf 86' lang='lat' dir='ltr'>adfatur.</span> <span class='ocrx_word' id='word_1_76' title='bbox 1280 1473 1384 1537; x_wconf 90' lang='lat' dir='ltr'>Prae-</span> 
     </span>
     <span class='ocr_line' id='line_1_11' title="bbox 246 1577 1383 1658; baseline -0.003 -17"><span class='ocrx_word' id='word_1_77' title='bbox 246 1585 339 1644; x_wconf 90' lang='lat' dir='ltr'>terea</span> <span class='ocrx_word' id='word_1_78' title='bbox 369 1585 401 1644; x_wconf 93' lang='lat' dir='ltr'>in</span> <span class='ocrx_word' id='word_1_79' title='bbox 431 1582 666 1646; x_wconf 89' lang='lat' dir='ltr'>rhetoricarum</span> <span class='ocrx_word' id='word_1_80' title='bbox 697 1581 813 1646; x_wconf 92' lang='lat' dir='ltr'>artium</span> <span class='ocrx_word' id='word_1_81' title='bbox 845 1601 980 1644; x_wconf 91' lang='lat' dir='ltr'>numero</span> <span class='ocrx_word' id='word_1_82' title='bbox 1011 1601 1123 1643; x_wconf 90' lang='lat' dir='ltr'>omnes</span> <span class='ocrx_word' id='word_1_83' title='bbox 1152 1577 1259 1640; x_wconf 90' lang='lat' dir='ltr'>habeo</span> <span class='ocrx_word' id='word_1_84' title='bbox 1283 1577 1383 1658; x_wconf 88' lang='lat' dir='ltr'>locos,</span> 
     </span>
     <span class='ocr_line' id='line_1_12' title="bbox 246 1677 1382 1770; baseline -0.003 -24"><span class='ocrx_word' id='word_1_85' title='bbox 246 1685 364 1767; x_wconf 92' lang='lat' dir='ltr'>quibus</span> <span class='ocrx_word' id='word_1_86' title='bbox 388 1691 488 1770; x_wconf 91' lang='lat' dir='ltr'>poeta</span> <span class='ocrx_word' id='word_1_87' title='bbox 510 1687 543 1749; x_wconf 94' lang='lat' dir='ltr'>in</span> <span class='ocrx_word' id='word_1_88' title='bbox 561 1685 668 1750; x_wconf 92' lang='lat' dir='ltr'>medio</span> <span class='ocrx_word' id='word_1_89' title='bbox 686 1686 828 1749; x_wconf 83' lang='lat' dir='ltr'>carmine</span> <span class='ocrx_word' id='word_1_90' title='bbox 844 1685 1074 1769; x_wconf 83' lang='lat' dir='ltr'>imperatorem</span> <span class='ocrx_word' id='word_1_91' title='bbox 1091 1683 1121 1767; x_wconf 86' lang='lat' dir='ltr'>(I</span> <span class='ocrx_word' id='word_1_92' title='bbox 1139 1685 1209 1746; x_wconf 80' lang='lat'>149.</span> <span class='ocrx_word' id='word_1_93' title='bbox 1231 1684 1288 1744; x_wconf 84' lang='grc'>169</span> <span class='ocrx_word' id='word_1_94' title='bbox 1306 1677 1382 1765; x_wconf 84' lang='lat' dir='ltr'>etc.)</span> 
     </span>
     <span class='ocr_line' id='line_1_13' title="bbox 246 1783 1383 1875; baseline -0.003 -26"><span class='ocrx_word' id='word_1_95' title='bbox 246 1787 299 1852; x_wconf 89' lang='lat' dir='ltr'>vel</span> <span class='ocrx_word' id='word_1_96' title='bbox 335 1788 522 1854; x_wconf 88' lang='lat' dir='ltr'>sacerdotes</span> <span class='ocrx_word' id='word_1_97' title='bbox 552 1790 601 1875; x_wconf 83' lang='grc' dir='ltr'>(Π</span> <span class='ocrx_word' id='word_1_98' title='bbox 622 1792 684 1853; x_wconf 83' lang='lat'>342</span> <span class='ocrx_word' id='word_1_99' title='bbox 707 1790 785 1874; x_wconf 88' lang='lat' dir='ltr'>eto.)</span> <span class='ocrx_word' id='word_1_100' title='bbox 815 1789 868 1852; x_wconf 81' lang='lat' dir='ltr'>vel</span> <span class='ocrx_word' id='word_1_101' title='bbox 898 1794 1046 1852; x_wconf 87' lang='lat' dir='ltr'>sanctam</span> <span class='ocrx_word' id='word_1_102' title='bbox 1074 1808 1204 1851; x_wconf 89' lang='lat' dir='ltr'>erucem</span> <span class='ocrx_word' id='word_1_103' title='bbox 1234 1783 1383 1868; x_wconf 78' lang='lat'><strong>(11322)</strong></span> 
     </span>
     <span class='ocr_line' id='line_1_14' title="bbox 246 1890 442 1976; baseline 0.005 -22"><span class='ocrx_word' id='word_1_104' title='bbox 246 1890 442 1976; x_wconf 90' lang='lat' dir='ltr'>adloquitur.</span> 
     </span>
    </p>
   </div>
   <div class='ocr_carea' id='block_1_4' title="bbox 181 2009 1384 2615">
    <p class='ocr_par' dir='ltr' id='par_1_4' title="bbox 181 2009 1384 2615">
     <span class='ocr_line' id='line_1_15' title="bbox 333 2009 1383 2098; baseline -0.004 -23"><span class='ocrx_word' id='word_1_105' title='bbox 333 2011 502 2098; x_wconf 90' lang='lat' dir='ltr'>Denique,</span> <span class='ocrx_word' id='word_1_106' title='bbox 531 2019 567 2077; x_wconf 92' lang='lat' dir='ltr'>ut</span> <span class='ocrx_word' id='word_1_107' title='bbox 596 2012 637 2077; x_wconf 91' lang='lat' dir='ltr'>ad</span> <span class='ocrx_word' id='word_1_108' title='bbox 665 2013 762 2076; x_wconf 89' lang='lat' dir='ltr'>finem</span> <span class='ocrx_word' id='word_1_109' title='bbox 791 2012 968 2097; x_wconf 89' lang='lat' dir='ltr'>perducam</span> <span class='ocrx_word' id='word_1_110' title='bbox 997 2012 1081 2076; x_wconf 88' lang='lat' dir='ltr'>hano</span> <span class='ocrx_word' id='word_1_111' title='bbox 1110 2009 1383 2088; x_wconf 87' lang='lat' dir='ltr'>observationem,</span> 
     </span>
     <span class='ocr_line' id='line_1_16' title="bbox 246 2113 1384 2202; baseline -0.002 -25"><span class='ocrx_word' id='word_1_112' title='bbox 246 2115 344 2179; x_wconf 89' lang='lat' dir='ltr'>etiam</span> <span class='ocrx_word' id='word_1_113' title='bbox 361 2117 536 2202; x_wconf 85' lang='lat' dir='ltr'>singulis</span> <span class='ocrx_word' id='word_1_114' title='bbox 552 2117 694 2200; x_wconf 87' lang='lat' dir='ltr'>figuris</span> <span class='ocrx_word' id='word_1_115' title='bbox 712 2117 932 2182; x_wconf 89' lang='lat' dir='ltr'>rhetoricis</span> <span class='ocrx_word' id='word_1_116' title='bbox 945 2116 1095 2197; x_wconf 86' lang='lat' dir='ltr'>efficitur,</span> <span class='ocrx_word' id='word_1_117' title='bbox 1107 2121 1143 2178; x_wconf 94' lang='lat' dir='ltr'>ut</span> <span class='ocrx_word' id='word_1_118' title='bbox 1155 2113 1384 2198; x_wconf 76' lang='lat' dir='ltr'>descriptionis</span> 
     </span>
     <span class='ocr_line' id='line_1_17' title="bbox 247 2215 1383 2304; baseline -0.004 -22"><span class='ocrx_word' id='word_1_119' title='bbox 247 2221 350 2283; x_wconf 89' lang='lat' dir='ltr'>oratio</span> <span class='ocrx_word' id='word_1_120' title='bbox 375 2221 479 2304; x_wconf 87' lang='lat' dir='ltr'>magis</span> <span class='ocrx_word' id='word_1_121' title='bbox 504 2227 755 2285; x_wconf 86' lang='lat' dir='ltr'>commoveatur.</span> <span class='ocrx_word' id='word_1_122' title='bbox 799 2219 886 2284; x_wconf 89' lang='lat' dir='ltr'>Nam</span> <span class='ocrx_word' id='word_1_123' title='bbox 913 2220 962 2282; x_wconf 92' lang='lat' dir='ltr'>his</span> <span class='ocrx_word' id='word_1_124' title='bbox 986 2239 1112 2304; x_wconf 90' lang='lat' dir='ltr'>qnoque</span> <span class='ocrx_word' id='word_1_125' title='bbox 1135 2217 1272 2281; x_wconf 88' lang='lat' dir='ltr'>Paulum</span> <span class='ocrx_word' id='word_1_126' title='bbox 1295 2215 1383 2280; x_wconf 89' lang='lat' dir='ltr'>haud</span> 
     </span>
     <span class='ocr_line' id='line_1_18' title="bbox 245 2320 1380 2408; baseline -0.002 -22"><span class='ocrx_word' id='word_1_127' title='bbox 245 2344 344 2408; x_wconf 90' lang='lat' dir='ltr'>parce</span> <span class='ocrx_word' id='word_1_128' title='bbox 367 2345 461 2387; x_wconf 88' lang='lat' dir='ltr'>usum</span> <span class='ocrx_word' id='word_1_129' title='bbox 485 2346 559 2388; x_wconf 86' lang='lat' dir='ltr'>esse</span> <span class='ocrx_word' id='word_1_130' title='bbox 584 2345 626 2388; x_wconf 84' lang='lat' dir='ltr'>ex</span> <span class='ocrx_word' id='word_1_131' title='bbox 649 2325 710 2388; x_wconf 90' lang='lat' dir='ltr'>hoc</span> <span class='ocrx_word' id='word_1_132' title='bbox 735 2329 928 2408; x_wconf 88' lang='lat' dir='ltr'>conspectu,</span> <span class='ocrx_word' id='word_1_133' title='bbox 958 2323 1087 2387; x_wconf 90' lang='lat' dir='ltr'>etiamsi</span> <span class='ocrx_word' id='word_1_134' title='bbox 1109 2321 1265 2385; x_wconf 91' lang='lat' dir='ltr'>nonnulla</span> <span class='ocrx_word' id='word_1_135' title='bbox 1287 2320 1380 2384; x_wconf 90' lang='lat' dir='ltr'>dum-</span> 
     </span>
     <span class='ocr_line' id='line_1_19' title="bbox 246 2425 1382 2514; baseline -0.002 -24"><span class='ocrx_word' id='word_1_136' title='bbox 246 2434 339 2492; x_wconf 83' lang='lat' dir='ltr'>taxat</span> <span class='ocrx_word' id='word_1_137' title='bbox 356 2429 509 2514; x_wconf 84' lang='lat' dir='ltr'>exempla</span> <span class='ocrx_word' id='word_1_138' title='bbox 522 2429 672 2494; x_wconf 87' lang='lat' dir='ltr'>exhiberi</span> <span class='ocrx_word' id='word_1_139' title='bbox 689 2433 838 2514; x_wconf 85' lang='lat' dir='ltr'>possunt,</span> <span class='ocrx_word' id='word_1_140' title='bbox 856 2428 936 2491; x_wconf 85' lang='lat' dir='ltr'>satis</span> <span class='ocrx_word' id='word_1_141' title='bbox 954 2427 1089 2512; x_wconf 90' lang='lat' dir='ltr'>patebit.</span> <span class='ocrx_word' id='word_1_142' title='bbox 1109 2464 1143 2472; x_wconf 90' lang='lat'>—</span> <span class='ocrx_word' id='word_1_143' title='bbox 1170 2425 1382 2510; x_wconf 83' lang='lat' dir='ltr'>Anaphoram</span> 
     </span>
     <span class='ocr_line' id='line_1_20' title="bbox 181 2529 1383 2615; baseline -0.002 -22"><span class='ocrx_word' id='word_1_144' title='bbox 181 2602 183 2606; x_wconf 48' lang='grc'><em>,</em></span> <span class='ocrx_word' id='word_1_145' title='bbox 244 2531 426 2594; x_wconf 89' lang='lat' dir='ltr'>invenimus</span> <span class='ocrx_word' id='word_1_146' title='bbox 456 2532 582 2610; x_wconf 90' lang='lat' dir='ltr'>ita,ut</span> <span class='ocrx_word' id='word_1_147' title='bbox 546 2531 733 2615; x_wconf 85' lang='lat' dir='ltr'>usinguli</span> <span class='ocrx_word' id='word_1_148' title='bbox 763 2551 876 2594; x_wconf 86' lang='lat' dir='ltr'>versus</span> <span class='ocrx_word' id='word_1_149' title='bbox 900 2529 1024 2594; x_wconf 88' lang='lat' dir='ltr'>eisdem</span> <span class='ocrx_word' id='word_1_150' title='bbox 1047 2529 1200 2593; x_wconf 87' lang='lat' dir='ltr'>incohent</span> <span class='ocrx_word' id='word_1_151' title='bbox 1187 2534 1240 2592; x_wconf 91' lang='lat' dir='ltr'>tur</span> <span class='ocrx_word' id='word_1_152' title='bbox 1263 2529 1383 2611; x_wconf 90' lang='lat' dir='ltr'>verbis,</span> 
     </span>
    </p>
   </div>
   <div class='ocr_carea' id='block_1_5' title="bbox 289 2649 1362 2850">
    <p class='ocr_par' dir='ltr' id='par_1_5' title="bbox 289 2649 1362 2850">
     <span class='ocr_line' id='line_1_21' title="bbox 289 2649 1362 2744; baseline 0.001 -23"><span class='ocrx_word' id='word_1_153' title='bbox 289 2659 322 2722; x_wconf 96' lang='lat' dir='ltr'>in</span> <span class='ocrx_word' id='word_1_154' title='bbox 347 2658 593 2744; x_wconf 82' lang='lat' dir='ltr'>vv.113sqq..</span> <span class='ocrx_word' id='word_1_155' title='bbox 619 2683 677 2741; x_wconf 87' lang='grc' dir='ltr'>οοχ</span> <span class='ocrx_word' id='word_1_156' title='bbox 699 2653 752 2724; x_wconf 83' lang='grc' dir='ltr'>ὅτι</span> <span class='ocrx_word' id='word_1_157' title='bbox 775 2653 833 2724; x_wconf 86' lang='grc' dir='ltr'>σὸν</span> <span class='ocrx_word' id='word_1_158' title='bbox 855 2653 1114 2743; x_wconf 78' lang='grc' dir='ltr'><em>ζογόδεσμον-</em></span> <span class='ocrx_word' id='word_1_159' title='bbox 1140 2649 1199 2738; x_wconf 76' lang='grc' dir='ltr'>οὐχ</span> <span class='ocrx_word' id='word_1_160' title='bbox 1221 2652 1362 2723; x_wconf 77' lang='lat' dir='ltr'>dcccciv</span> 
     </span>
     <span class='ocr_line' id='line_1_22' title="bbox 455 2754 1062 2850; baseline 0 -26"><span class='ocrx_word' id='word_1_161' title='bbox 455 2765 492 2825; x_wconf 87' lang='grc'>16</span> <span class='ocrx_word' id='word_1_162' title='bbox 516 2754 629 2827; x_wconf 63' lang='lat' dir='ltr'>tw</span> <span class='ocrx_word' id='word_1_163' title='bbox 610 2785 661 2827; x_wconf 92' lang='grc' dir='ltr'>οτι</span> <span class='ocrx_word' id='word_1_164' title='bbox 686 2756 744 2828; x_wconf 86' lang='grc' dir='ltr'>σὸν</span> <span class='ocrx_word' id='word_1_165' title='bbox 765 2759 843 2849; x_wconf 83' lang='grc' dir='ltr'><em>περὶ</em></span> <span class='ocrx_word' id='word_1_166' title='bbox 867 2761 974 2850; x_wconf 78' lang='grc' dir='ltr'><em>πῆχυν</em></span> <span class='ocrx_word' id='word_1_167' title='bbox 996 2761 1062 2825; x_wconf 86' lang='grc' dir='ltr'><em>κτλ.</em></span> 
     </span>
    </p>
   </div>
   <div class='ocr_carea' id='block_1_6' title="bbox 244 2865 1381 3508">
    <p class='ocr_par' dir='ltr' id='par_1_6' title="bbox 330 2865 1287 2960">
     <span class='ocr_line' id='line_1_23' title="bbox 330 2865 1287 2960; baseline -0.001 -23"><span class='ocrx_word' id='word_1_168' title='bbox 330 2873 404 2938; x_wconf 88' lang='grc'>189</span> <span class='ocrx_word' id='word_1_169' title='bbox 414 2867 552 2958; x_wconf 81' lang='grc' dir='ltr'>1)ο’ττι</span> <span class='ocrx_word' id='word_1_170' title='bbox 575 2870 673 2939; x_wconf 82' lang='grc' dir='ltr'><em>σέθεν</em></span> <span class='ocrx_word' id='word_1_171' title='bbox 695 2867 872 2954; x_wconf 84' lang='grc' dir='ltr'><em>ζώοντος’</em></span> <span class='ocrx_word' id='word_1_172' title='bbox 856 2870 995 2958; x_wconf 84' lang='grc' dir='ltr'><em>επέχραε</em></span> <span class='ocrx_word' id='word_1_173' title='bbox 1017 2867 1132 2937; x_wconf 82' lang='grc' dir='ltr'><em>κάλλει</em></span> <span class='ocrx_word' id='word_1_174' title='bbox 1148 2865 1287 2960; x_wconf 82' lang='grc' dir='ltr'><em>Ῥώμης,</em></span> 
     </span>
    </p>

    <p class='ocr_par' dir='ltr' id='par_1_7' title="bbox 244 2968 1381 3401">
     <span class='ocr_line' id='line_1_24' title="bbox 360 2968 1279 3063; baseline -0.002 -21"><span class='ocrx_word' id='word_1_175' title='bbox 360 2979 400 3042; x_wconf 89' lang='grc'>88</span> <span class='ocrx_word' id='word_1_176' title='bbox 430 2971 501 3043; x_wconf 82' lang='grc' dir='ltr'><em>ὅττι</em></span> <span class='ocrx_word' id='word_1_177' title='bbox 524 2975 623 3043; x_wconf 83' lang='grc' dir='ltr'><em>σέθεν</em></span> <span class='ocrx_word' id='word_1_178' title='bbox 645 2972 792 3058; x_wconf 81' lang='grc' dir='ltr'><em>ζώοντος,</em></span> <span class='ocrx_word' id='word_1_179' title='bbox 818 2971 865 3042; x_wconf 80' lang='grc' dir='ltr'>ὅτ’</span> <span class='ocrx_word' id='word_1_180' title='bbox 889 2971 1025 3062; x_wconf 76' lang='grc' dir='ltr'><em>ἐγγύθεν</em></span> <span class='ocrx_word' id='word_1_181' title='bbox 1048 2972 1136 3040; x_wconf 78' lang='grc' dir='ltr'><em>ἐστὶν</em></span> <span class='ocrx_word' id='word_1_182' title='bbox 1159 2968 1279 3063; x_wconf 76' lang='grc' dir='ltr'><em>αρσιμή.</em></span> 
     </span>
     <span class='ocr_line' id='line_1_25' title="bbox 244 3081 1381 3177; baseline -0.001 -25"><span class='ocrx_word' id='word_1_183' title='bbox 244 3089 337 3153; x_wconf 85' lang='grc'><strong>1193</strong></span> <span class='ocrx_word' id='word_1_184' title='bbox 352 3111 418 3174; x_wconf 87' lang='lat' dir='ltr'>sq.:</span> <span class='ocrx_word' id='word_1_185' title='bbox 447 3085 572 3175; x_wconf 76' lang='grc' dir='ltr'><em>ἔπρεπε</em></span> <span class='ocrx_word' id='word_1_186' title='bbox 589 3088 643 3156; x_wconf 88' lang='grc' dir='ltr'>σοὶ</span> <span class='ocrx_word' id='word_1_187' title='bbox 662 3090 852 3177; x_wconf 82' lang='grc' dir='ltr'><em>Σκηπτοῧχε</em></span> <span class='ocrx_word' id='word_1_188' title='bbox 874 3087 1083 3174; x_wconf 78' lang='grc' dir='ltr'><em>μεγασθενὲς,</em></span> <span class='ocrx_word' id='word_1_189' title='bbox 1112 3083 1237 3174; x_wconf 73' lang='grc' dir='ltr'><em>ἔπρεπε</em></span> <span class='ocrx_word' id='word_1_190' title='bbox 1256 3081 1381 3173; x_wconf 79' lang='grc' dir='ltr'><em>Ῥώμη,</em></span> 
     </span>
     <span class='ocr_line' id='line_1_26' title="bbox 345 3186 1286 3280; baseline -0.003 -22"><span class='ocrx_word' id='word_1_191' title='bbox 345 3189 489 3280; x_wconf 75' lang='grc' dir='ltr'><em>ἔπρεπεν</em></span> <span class='ocrx_word' id='word_1_192' title='bbox 512 3189 709 3278; x_wconf 75' lang='grc' dir='ltr'><em>α’μβροσίοιο</em></span> <span class='ocrx_word' id='word_1_193' title='bbox 732 3194 815 3258; x_wconf 83' lang='grc' dir='ltr'><em>θεοῦ</em></span> <span class='ocrx_word' id='word_1_194' title='bbox 838 3189 1061 3278; x_wconf 80' lang='grc' dir='ltr'><em>προκέλεοθον</em></span> <span class='ocrx_word' id='word_1_195' title='bbox 1083 3186 1197 3280; x_wconf 74' lang='grc' dir='ltr'><em>ἑορτῆς</em></span> <span class='ocrx_word' id='word_1_196' title='bbox 1219 3191 1286 3256; x_wconf 85' lang='grc' dir='ltr'><em>κτλ.</em></span> 
     </span>
     <span class='ocr_line' id='line_1_27' title="bbox 244 3306 1381 3401; baseline -0.004 -23"><span class='ocrx_word' id='word_1_197' title='bbox 244 3315 285 3380; x_wconf 84' lang='lat' dir='ltr'>cf.</span> <span class='ocrx_word' id='word_1_198' title='bbox 302 3313 451 3378; x_wconf 69' lang='lat' dir='ltr'>litetur</span> <span class='ocrx_word' id='word_1_199' title='bbox 471 3313 569 3378; x_wconf 79' lang='grc' dir='ltr'><em>λλαθι</em></span> <span class='ocrx_word' id='word_1_200' title='bbox 584 3308 766 3401; x_wconf 77' lang='grc' dir='ltr'><em>τολμήεντι,</em></span> <span class='ocrx_word' id='word_1_201' title='bbox 779 3309 1033 3396; x_wconf 79' lang='grc' dir='ltr'><em>μεγασθενὲς-</em></span> <span class='ocrx_word' id='word_1_202' title='bbox 1044 3347 1085 3356; x_wconf 93' lang='grc'>-</span> <span class='ocrx_word' id='word_1_203' title='bbox 1097 3311 1194 3376; x_wconf 76' lang='grc' dir='ltr'><em>ἵλαθι</em></span> <span class='ocrx_word' id='word_1_204' title='bbox 1206 3306 1306 3398; x_wconf 81' lang='grc' dir='ltr'><em>μύθῳ</em></span> <span class='ocrx_word' id='word_1_205' title='bbox 1321 3318 1381 3376; x_wconf 90' lang='lat' dir='ltr'>etc.</span> 
     </span>
    </p>

    <p class='ocr_par' dir='ltr' id='par_1_8' title="bbox 331 3423 1380 3508">
     <span class='ocr_line' id='line_1_28' title="bbox 331 3423 1380 3508; baseline -0.002 -19"><span class='ocrx_word' id='word_1_206' title='bbox 331 3425 442 3489; x_wconf 86' lang='lat' dir='ltr'>Multis</span> <span class='ocrx_word' id='word_1_207' title='bbox 470 3427 550 3489; x_wconf 90' lang='lat' dir='ltr'>locis</span> <span class='ocrx_word' id='word_1_208' title='bbox 582 3425 696 3489; x_wconf 92' lang='lat' dir='ltr'>eadem</span> <span class='ocrx_word' id='word_1_209' title='bbox 727 3446 808 3503; x_wconf 85' lang='lat' dir='ltr'>vox,</span> <span class='ocrx_word' id='word_1_210' title='bbox 840 3444 924 3508; x_wconf 90' lang='lat' dir='ltr'>quae</span> <span class='ocrx_word' id='word_1_211' title='bbox 954 3423 1093 3508; x_wconf 89' lang='lat' dir='ltr'>primam</span> <span class='ocrx_word' id='word_1_212' title='bbox 1122 3445 1236 3488; x_wconf 88' lang='lat' dir='ltr'>versus</span> <span class='ocrx_word' id='word_1_213' title='bbox 1268 3424 1380 3489; x_wconf 87' lang='lat' dir='ltr'>sedem</span> 
     </span>
    </p>
   </div>
   <div class='ocr_carea' id='block_1_7' title="bbox 244 3527 1380 3718">
    <p class='ocr_par' dir='ltr' id='par_1_9' title="bbox 244 3527 1380 3718">
     <span class='ocr_line' id='line_1_29' title="bbox 245 3527 1380 3614; baseline 0 -21"><span class='ocrx_word' id='word_1_214' title='bbox 245 3529 383 3609; x_wconf 89' lang='lat' dir='ltr'>obtinet,</span> <span class='ocrx_word' id='word_1_215' title='bbox 407 3535 483 3614; x_wconf 87' lang='lat' dir='ltr'>post</span> <span class='ocrx_word' id='word_1_216' title='bbox 507 3528 671 3593; x_wconf 88' lang='lat' dir='ltr'>diaeresin</span> <span class='ocrx_word' id='word_1_217' title='bbox 694 3528 877 3592; x_wconf 90' lang='lat' dir='ltr'>bucolicam</span> <span class='ocrx_word' id='word_1_218' title='bbox 900 3528 1038 3591; x_wconf 91' lang='lat' dir='ltr'>iteratur</span> <span class='ocrx_word' id='word_1_219' title='bbox 1048 3527 1088 3610; x_wconf 82' lang='lat'>²),</span> <span class='ocrx_word' id='word_1_220' title='bbox 1117 3528 1150 3591; x_wconf 94' lang='lat' dir='ltr'>id</span> <span class='ocrx_word' id='word_1_221' title='bbox 1173 3529 1258 3614; x_wconf 93' lang='lat' dir='ltr'>quod</span> <span class='ocrx_word' id='word_1_222' title='bbox 1282 3531 1380 3593; x_wconf 89' lang='lat' dir='ltr'>etiam</span> 
     </span>
     <span class='ocr_line' id='line_1_30' title="bbox 244 3630 1086 3718; baseline -0.005 -20"><span class='ocrx_word' id='word_1_223' title='bbox 244 3635 275 3698; x_wconf 94' lang='lat' dir='ltr'>in</span> <span class='ocrx_word' id='word_1_224' title='bbox 300 3633 459 3718; x_wconf 84' lang='lat' dir='ltr'>exemplis</span> <span class='ocrx_word' id='word_1_225' title='bbox 483 3632 579 3697; x_wconf 90' lang='lat' dir='ltr'>modo</span> <span class='ocrx_word' id='word_1_226' title='bbox 601 3633 737 3718; x_wconf 88' lang='lat' dir='ltr'>prolatis</span> <span class='ocrx_word' id='word_1_227' title='bbox 759 3633 960 3705; x_wconf 90' lang='lat' dir='ltr'>invenimus;</span> <span class='ocrx_word' id='word_1_228' title='bbox 985 3630 1086 3695; x_wconf 88' lang='lat' dir='ltr'>addas</span> 
     </span>
    </p>
   </div>
   <div class='ocr_carea' id='block_1_8' title="bbox 287 3746 1282 3842">
    <p class='ocr_par' dir='ltr' id='par_1_10' title="bbox 287 3746 1282 3842">
     <span class='ocr_line' id='line_1_31' title="bbox 287 3746 1282 3842; baseline 0 -23"><span class='ocrx_word' id='word_1_229' title='bbox 287 3755 377 3820; x_wconf 85' lang='lat'>118:</span> <span class='ocrx_word' id='word_1_230' title='bbox 402 3747 511 3834; x_wconf 80' lang='grc' dir='ltr'><em>εἴξατέ</em></span> <span class='ocrx_word' id='word_1_231' title='bbox 532 3778 590 3837; x_wconf 92' lang='grc' dir='ltr'>μοι</span> <span class='ocrx_word' id='word_1_232' title='bbox 609 3747 740 3842; x_wconf 79' lang='grc' dir='ltr'><em>Ῥώμης</em></span> <span class='ocrx_word' id='word_1_233' title='bbox 761 3748 1008 3833; x_wconf 80' lang='grc' dir='ltr'><em>Καπετωλίδες,</em></span> <span class='ocrx_word' id='word_1_234' title='bbox 1032 3746 1141 3833; x_wconf 76' lang='grc' dir='ltr'><em>εἴξατε</em></span> <span class='ocrx_word' id='word_1_235' title='bbox 1163 3754 1282 3842; x_wconf 80' lang='grc' dir='ltr'><em>φῆμαι.</em></span> 
     </span>
    </p>
   </div>
   <div class='ocr_carea' id='block_1_9' title="bbox 243 3985 1381 4215">
    <p class='ocr_par' dir='ltr' id='par_1_11' title="bbox 243 3985 1381 4215">
     <span class='ocr_line' id='line_1_32' title="bbox 333 3985 1381 4056; baseline -0.001 -15"><span class='ocrx_word' id='word_1_236' title='bbox 333 3989 353 4056; x_wconf 85' lang='lat'>¹)</span> <span class='ocrx_word' id='word_1_237' title='bbox 375 3987 490 4042; x_wconf 84' lang='lat' dir='ltr'>Versum</span> <span class='ocrx_word' id='word_1_238' title='bbox 508 3988 541 4041; x_wconf 87' lang='lat'>89</span> <span class='ocrx_word' id='word_1_239' title='bbox 560 3985 788 4056; x_wconf 89' lang='lat' dir='ltr'>anteponendum</span> <span class='ocrx_word' id='word_1_240' title='bbox 812 4001 870 4040; x_wconf 88' lang='lat' dir='ltr'>esse</span> <span class='ocrx_word' id='word_1_241' title='bbox 891 4003 917 4038; x_wconf 89' lang='lat' dir='ltr'>v.</span> <span class='ocrx_word' id='word_1_242' title='bbox 929 3986 963 4040; x_wconf 87' lang='lat'>88</span> <span class='ocrx_word' id='word_1_243' title='bbox 982 3985 1144 4054; x_wconf 84' lang='lat' dir='ltr'>Spitznerus</span> <span class='ocrx_word' id='word_1_244' title='bbox 1162 3986 1179 4039; x_wconf 89' lang='lat' dir='ltr'>l.</span> <span class='ocrx_word' id='word_1_245' title='bbox 1193 3985 1211 4039; x_wconf 94' lang='lat' dir='ltr'>l.</span> <span class='ocrx_word' id='word_1_246' title='bbox 1230 3985 1300 4039; x_wconf 91' lang='lat' dir='ltr'>mihi</span> <span class='ocrx_word' id='word_1_247' title='bbox 1319 4004 1381 4056; x_wconf 88' lang='lat' dir='ltr'>per-</span> 
     </span>
     <span class='ocr_line' id='line_1_33' title="bbox 243 4071 1381 4143; baseline 0 -17"><span class='ocrx_word' id='word_1_248' title='bbox 243 4073 345 4140; x_wconf 82' lang='lat' dir='ltr'>suasit,</span> <span class='ocrx_word' id='word_1_249' title='bbox 371 4074 400 4127; x_wconf 94' lang='lat' dir='ltr'>in</span> <span class='ocrx_word' id='word_1_250' title='bbox 420 4075 478 4129; x_wconf 92' lang='lat' dir='ltr'>cod.</span> <span class='ocrx_word' id='word_1_251' title='bbox 498 4076 592 4128; x_wconf 87' lang='lat' dir='ltr'>autem</span> <span class='ocrx_word' id='word_1_252' title='bbox 611 4074 669 4127; x_wconf 90' lang='lat' dir='ltr'>Pal.</span> <span class='ocrx_word' id='word_1_253' title='bbox 688 4072 770 4126; x_wconf 87' lang='lat' dir='ltr'>illum</span> <span class='ocrx_word' id='word_1_254' title='bbox 787 4071 949 4126; x_wconf 87' lang='lat' dir='ltr'>correctoris</span> <span class='ocrx_word' id='word_1_255' title='bbox 967 4090 1052 4126; x_wconf 89' lang='lat' dir='ltr'>manu</span> <span class='ocrx_word' id='word_1_256' title='bbox 1070 4072 1100 4125; x_wconf 91' lang='lat' dir='ltr'>in</span> <span class='ocrx_word' id='word_1_257' title='bbox 1117 4073 1244 4142; x_wconf 82' lang='lat' dir='ltr'>margine</span> <span class='ocrx_word' id='word_1_258' title='bbox 1263 4073 1381 4143; x_wconf 88' lang='lat' dir='ltr'>inscrip-</span> 
     </span>
     <span class='ocr_line' id='line_1_34' title="bbox 243 4159 817 4215; baseline -0.002 -2"><span class='ocrx_word' id='word_1_259' title='bbox 243 4162 303 4213; x_wconf 86' lang='lat' dir='ltr'>tum</span> <span class='ocrx_word' id='word_1_260' title='bbox 322 4177 380 4214; x_wconf 83' lang='lat' dir='ltr'>esse</span> <span class='ocrx_word' id='word_1_261' title='bbox 399 4161 632 4215; x_wconf 84' lang='lat' dir='ltr'>Stadtmuellerus</span> <span class='ocrx_word' id='word_1_262' title='bbox 651 4177 695 4213; x_wconf 89' lang='lat' dir='ltr'>me</span> <span class='ocrx_word' id='word_1_263' title='bbox 714 4159 817 4213; x_wconf 91' lang='lat' dir='ltr'>docuit.</span> 
     </span>
    </p>
   </div>
   <div class='ocr_carea' id='block_1_10' title="bbox 242 4261 1381 4501">
    <p class='ocr_par' dir='ltr' id='par_1_12' title="bbox 242 4261 1381 4501">
     <span class='ocr_line' id='line_1_35' title="bbox 331 4261 1380 4398; baseline 0.002 -84.023"><span class='ocrx_word' id='word_1_264' title='bbox 331 4263 353 4329; x_wconf 79' lang='lat'>²)</span> <span class='ocrx_word' id='word_1_265' title='bbox 372 4262 432 4317; x_wconf 94' lang='lat' dir='ltr'>Hoc</span> <span class='ocrx_word' id='word_1_266' title='bbox 450 4263 484 4317; x_wconf 90' lang='lat' dir='ltr'>de</span> <span class='ocrx_word' id='word_1_267' title='bbox 503 4282 563 4328; x_wconf 88' lang='lat' dir='ltr'>usu,</span> <span class='ocrx_word' id='word_1_268' title='bbox 582 4263 631 4332; x_wconf 87' lang='lat' dir='ltr'>qui</span> <span class='ocrx_word' id='word_1_269' title='bbox 649 4263 770 4317; x_wconf 84' lang='lat' dir='ltr'>maxime</span> <span class='ocrx_word' id='word_1_270' title='bbox 787 4262 909 4316; x_wconf 84' lang='lat' dir='ltr'>valuit&#39;</span> <span class='ocrx_word' id='word_1_271' title='bbox 901 4281 930 4316; x_wconf 84' lang='lat' dir='ltr'>rn</span> <span class='ocrx_word' id='word_1_272' title='bbox 951 4261 1136 4317; x_wconf 87' lang='lat' dir='ltr'>bucolicorum</span> <span class='ocrx_word' id='word_1_273' title='bbox 1155 4262 1300 4398; x_wconf 85' lang='lat' dir='ltr'>poetarum</span> <span class='ocrx_word' id='word_1_274' title='bbox 1320 4281 1380 4316; x_wconf 88' lang='lat' dir='ltr'>ver-</span> 
     </span>
     <span class='ocr_line' id='line_1_36' title="bbox 243 4345 1381 4414; baseline 0.002 -14"><span class='ocrx_word' id='word_1_275' title='bbox 243 4346 327 4412; x_wconf 83' lang='lat' dir='ltr'>sibus,</span> <span class='ocrx_word' id='word_1_276' title='bbox 347 4347 380 4400; x_wconf 90' lang='lat' dir='ltr'>cf</span> <span class='ocrx_word' id='word_1_277' title='bbox 399 4347 492 4402; x_wconf 87' lang='lat' dir='ltr'>Herm.</span> <span class='ocrx_word' id='word_1_278' title='bbox 506 4347 653 4401; x_wconf 85' lang='lat' dir='ltr'>Fritzsohii</span> <span class='ocrx_word' id='word_1_279' title='bbox 672 4346 910 4411; x_wconf 87' lang='lat' dir='ltr'>dissertationem,</span> <span class='ocrx_word' id='word_1_280' title='bbox 934 4364 1017 4414; x_wconf 86' lang='lat' dir='ltr'>qnam</span> <span class='ocrx_word' id='word_1_281' title='bbox 1036 4345 1163 4414; x_wconf 85' lang='lat' dir='ltr'>inscripsi</span> <span class='ocrx_word' id='word_1_282' title='bbox 1166 4345 1239 4400; x_wconf 70' lang='lat' dir='ltr'>tau</span> <span class='ocrx_word' id='word_1_283' title='bbox 1259 4347 1381 4402; x_wconf 70' lang='grc' dir='ltr'><em>Τλινσατλ</em></span> 
     </span>
     <span class='ocr_line' id='line_1_37' title="bbox 242 4431 762 4501; baseline 0 -16"><span class='ocrx_word' id='word_1_284' title='bbox 242 4431 662 4501; x_wconf 68' lang='lat' dir='ltr'>u.Vt&#39;rpil(Lctpap1860),).p</span> <span class='ocrx_word' id='word_1_285' title='bbox 677 4433 762 4500; x_wconf 70' lang='grc' dir='ltr'><em>θεας</em></span> 
     </span>
    </p>
   </div>
   <div class='ocr_carea' id='block_1_11' title="bbox 596 4479 1619 4912">
    <p class='ocr_par' dir='ltr' id='par_1_13' title="bbox 596 4479 1619 4912">
     <span class='ocr_line' id='line_1_38' title="bbox 596 4479 1619 4912; baseline 0 0"><span class='ocrx_word' id='word_1_286' title='bbox 596 4479 1619 4912; x_wconf 59' lang='lat' dir='ltr'>Ain</span> 
     </span>
    </p>
   </div>
   <div class='ocr_carea' id='block_1_12' title="bbox 0 0 1630 4954">
    <p class='ocr_par' dir='ltr' id='par_1_14' title="bbox 0 0 1630 4954">
     <span class='ocr_line' id='line_1_39' title="bbox 0 0 1630 4954; baseline 0 1"><span class='ocrx_word' id='word_1_287' title='bbox 0 0 1630 4954; x_wconf 95' lang='lat' dir='ltr'> </span> 
     </span>
    </p>
   </div>
  </div>
 </body>
</html>
