3224 4946
706 235 920 298 „82-

244 405 334 484 loeis,
350 405 467 489 quibus
493 426 534 468 ex
550 399 630 489 πρίν
647 405 874 469 coniunctione
891 404 1085 469 indicativus
1101 406 1200 470 futuri
1215 405 1337 491 pendet
1346 406 1382 490 ¹),

246 531 378 595 semper
405 509 437 572 in
466 509 571 596 prima
595 509 756 573 sententia
779 515 835 574 aut
859 509 988 594 cupitur
1011 509 1133 594 aliquid
1156 515 1213 574 aut
1235 517 1383 587 vetatur;

246 613 305 677 sed
327 619 401 698 post
423 634 548 677 merum
572 618 701 698 tempus
724 613 938 698 praeteritum
961 613 1112 677 voculam
1134 608 1214 699 πρίν
1238 636 1311 678 cum
1334 614 1382 678 in·

246 717 386 780 dicativo
422 716 522 780 futuri
555 715 758 780 coniunctam
791 715 943 800 equidem
977 737 1043 780 nou
1073 717 1194 783 inveni.
1225 755 1264 765 -
1300 717 1381 782 Oum

246 820 378 886 Graefio
410 827 519 886 autem
550 816 659 900 ἔλεξας
682 821 780 886 scribi
802 821 894 901 nolo,
922 821 1013 906 quia,
1044 828 1274 908 praeterquam
1296 821 1382 906 quod

245 925 372 989 finitum
391 925 525 989 verbum
541 929 615 1011 post
630 918 710 1009 πρίν
724 924 873 992 voculam
893 946 958 988 non
974 926 1113 990 occurrit
1129 925 1216 1012 apud
1232 925 1381 1006 Paulum,

245 1029 366 1094 inferre
392 1027 497 1093 textui
526 1034 813 1114 proparoxytonou
843 1027 999 1093 audacius
1028 1049 1102 1094 esse
1133 1029 1213 1094 mihi
1243 1029 1381 1096 videtur.

246 1131 369 1196 Verum
392 1132 528 1196 offendit
550 1138 620 1196 tota
641 1132 803 1197 sententia
824 1133 935 1216 χεῖρας
956 1126 1078 1197 ἔντεσιν
1100 1127 1249 1216 ἑλίσσειν,
1274 1154 1380 1218 neque

248 1235 335 1300 enirn
359 1236 447 1300 aliud
471 1236 659 1322 exemplum
682 1235 778 1300 huius
801 1237 902 1301 mirae
926 1257 1005 1302 sane
1029 1238 1200 1302 verborum
1225 1237 1381 1302 eoniuuo-

246 1341 344 1404 tionis
368 1341 537 1428 reperitur.
582 1339 699 1425 Itaque
724 1340 799 1424 quia
822 1340 1009 1405 coniectura
1030 1341 1116 1405 hunc
1139 1343 1246 1406 locum
1262 1361 1380 1405 sanan-

247 1443 322 1508 dum
353 1465 425 1508 esse
453 1444 553 1526 duco,
582 1464 741 1529 propono:
772 1439 852 1528 πρὶν
880 1437 971 1508 ἔντεα
993 1447 1102 1529 χεῖρας
1124 1439 1230 1524 {litai
1254 1445 1381 1530 „prius-

247 1569 343 1632 quam
373 1569 489 1612 manus
521 1568 611 1611 arma
642 1547 859 1612 vibrassent“.
906 1547 971 1611 sed
999 1547 1138 1612 fortasse
1166 1549 1271 1633 magis
1296 1547 1381 1611 adri-

248 1651 325 1715 deat
358 1649 603 1728 Stadtmuelleri
627 1650 834 1730 coniectura,
864 1671 961 1735 quam
977 1652 1269 1716 ,comiter-mecum
1295 1671 1381 1715 com-

248 1754 435 1818 municavit.
478 1753 517 1818 ln
548 1753 664 1818 litteris
692 1753 777 1817 enim
805 1755 915 1839 χεῖρας
942 1749 1085 1819 {latere
1109 1755 1210 1819 verba
1231 1749 1324 1836 χεῖρά
1346 1776 1383 1819 σε

249 1859 435 1943 suspicatus
452 1858 662 1922 coniectavit
668 1858 716 1921 vir
732 1857 859 1922 doctus:
883 1855 964 1942 πρίν
979 1852 1082 1926 ἔντεσι
1103 1852 1195 1943 χεῖρά
1218 1880 1255 1924 σε
1275 1858 1382 1942 μῖξαι.

334 1961 464 2044 Restat,
486 1961 686 2026 senten
678 1982 742 2026 ram
767 1981 872 2024 meam
895 1961 1058 2046 proferam
1082 1962 1174 2028 dev
1199 1961 1308 2042 1159,
1341 1961 1382 2024 de

249 2086 311 2150 quo
341 2011 504 2151 postreino
538 2086 637 2150 agere
665 2065 774 2130 malui.
818 2064 968 2129 Namt
931 2071 968 2129 ut
998 2067 1097 2130 etiam
1130 2087 1173 2130 ex
1200 2066 1261 2130 hoc
1287 2086 1383 2129 versu

249 2170 390 2232 eicerem
421 2175 707 2254 proparexytonon
738 2167 771 2232 in
794 2167 903 2232 codice
927 2167 1076 2232 Palatino
1099 2169 1264 2248 traditum,
1288 2191 1308 2232 a
1330 2189 1382 2232 mc

248 2273 425 2358 impetrare
455 2293 520 2338 non
551 2273 659 2357 potui,
693 2278 869 2358 propterea
897 2272 983 2356 quod
1013 2293 1111 2336 sensu
1141 2272 1222 2336 illud
1252 2273 1383 2340 omnino

248 2376 407 2460 postulari
429 2375 568 2442 videtur.
614 2375 665 2444 Of.
687 2375 779 2439 1157
796 2395 865 2460 sqq.

402 2475 510 2561 μέσσα
531 2475 592 2561 μὲν
615 2471 748 2563 διψίδων
770 2516 812 2524 -
835 2514 876 2524 —

404 2573 584 2658 ὀπταλέαις
606 2575 800 2646 πλίνθοισιν
822 2571 965 2666 ἀρηρότα
988 2573 1112 2668 δαίσατο
1134 2578 1226 2667 τέχνη

403 2679 487 2771 dape
509 2682 546 2750 δὲ
567 2680 742 2802 πετραίοιο
764 2677 908 2769 περιίστα
930 2683 1017 2771 πῆξε
1039 2683 1060 2748 δ
1065 2678 1191 2768 όμοιο.

248 2785 421 2875 πετραίοιο
438 2789 650 2854 Hermanuus
668 2788 855 2853 coniectura
878 2789 1031 2871 reposuit,
1055 2789 1088 2850 in
1112 2788 1226 2853 codice
1245 2786 1382 2875 πετραί·

249 2915 315 2958 οισι
340 2899 413 2958 st.at
459 2892 574 2977 Itaque
595 2891 805 2956 Ludwichius
829 2891 864 2976 (l.
881 2891 902 2956 l.
919 2913 950 2976 p.
968 2893 1043 2973 453)
1067 2887 1221 2976 δομαίοις
1243 2893 1384 2957 correxit

247 3018 306 3082 pro
330 2996 430 3062 verbo
446 2991 574 3080 δόμοιο.
621 2994 688 3060 Sed
711 3018 743 3060 οι
732 2991 895 3077 ‘deperiet
912 2995 1107 3059 vocabulum
1123 2997 1247 3081 paucis,
1264 2996 1382 3081 quibus

247 3102 427 3181 invenitur,
454 3101 535 3165 locis
564 3100 655 3164 velut
685 3098 771 3184 apud
794 3097 946 3163 Nonnum
971 3103 1000 3174 5,
1017 3101 1072 3179 63,
1102 3101 1147 3163 nil
1175 3100 1262 3164 aliud
1286 3123 1382 3186 quam

247 3203 415 3288 θεμέθλια
432 3205 595 3290 signifieat
611 3203 666 3286 (cf.
681 3203 885 3288 Hesychium
902 3225 928 3266 s.
944 3224 974 3267 v.
992 3198 1172 3286 δομαίονς;
1189 3198 1381 3285 ,οἰκόπεδα

247 3302 471 3394 θεμελίοος“).
517 3306 610 3382 Quae
628 3307 823 3392 significatio
839 3327 973 3391 prorsus
989 3327 1054 3371 nou
1073 3307 1211 3392 quadrat
1233 3307 1275 3372 ad
1297 3308 1383 3372 hunc

248 3411 370 3485 loeum;
403 3410 583 3496 namquid
613 3411 675 3477 sibi
709 3411 810 3476 velint
831 3409 1057 3492 fundamenta,
1091 3403 1154 3475 non
1177 3412 1382 3498 perspicitur.

248 3508 350 3598 δόμος
378 3499 488 3579 autern
517 3529 582 3578 vox
615 3513 733 3578 dicitur
761 3513 802 3579 de
833 3514 978 3600 lapidum
1003 3513 1130 3595 ordine,
1160 3515 1201 3582 cf.
1225 3515 1381 3580 Herodot.

247 3618 352 3683 1179.
383 3618 418 3682 ΙΙ
438 3621 496 3681 127
526 3618 578 3682 vel
601 3617 736 3684 Diodor.
760 3617 833 3682 164
860 3619 913 3684 vel
935 3618 1050 3703 Polyb.
1074 3618 1106 3682 X
1123 3623 1173 3702 22,
1192 3625 1221 3686 7.
1265 3621 1383 3705 Itaque

248 3716 366 3805 dripere
388 3721 558 3786 tutandum
583 3742 656 3786 esse
680 3726 775 3807 puto,
806 3721 882 3806 quia
904 3727 1003 3805 poeta
1026 3719 1087 3786 hoc
1111 3723 1184 3787 loco
1207 3723 1246 3786 de
1269 3724 1382 3788 ordine

249 3847 403 3890 saxorum
437 3825 577 3910 cogitat,
612 3825 729 3910 quibus
762 3822 885 3909 apsidis
918 3844 994 3886 orae
1022 3826 1113 3908 quasi
1148 3827 1383 3894 circumclusae

248 3934 333 3996 sunt.
379 3924 569 4016 πετραίοισι
599 3935 709 3994 autem
740 3929 869 3994 dativus
903 3928 1025 3991 librarii
1049 3930 1151 3992 errori
1173 3931 1382 4015 imputandus

248 4039 309 4114 est,
333 4035 387 4118 qui
410 4034 551 4098 fortasse
576 4033 801 4099 antecedentis
824 4051 939 4096 versus
963 4030 1081 4095 dativis
1102 4029 1292 4114 (πλίνθοισι
1317 4021 1382 4100 ὃπ-

337 4259 356 4320 1)
375 4255 497 4324 Collegit
515 4272 561 4310 eos
579 4255 720 4310 Iaeobsius
738 4254 774 4307 ad
792 4254 824 4308 Α.
838 4253 867 4306 P.
886 4253 924 4307 IX
939 4255 988 4309 169
1007 4255 1036 4306 et
1060 4254 1095 4307 ad
1114 4255 1276 4310 Philostrat.
1295 4256 1381 4326 imag.

245 4343 260 4396 I
271 4342 313 4394 28.

1288 4743 1584 4924 „mal
