3224 4946
697 293 925 353 -102-

251 461 443 549 Composita
473 470 582 528 autem
611 469 660 527 est
690 463 772 527 haec
804 464 908 548 figura
938 483 980 527 ex
1008 462 1167 526 Nonnicis
1197 462 1385 536 elementis;

248 565 385 631 Nonnus
409 568 496 631 enim
520 570 550 647 9,
566 569 628 630 235
651 560 762 646 εἴξατέ
782 590 841 650 μοι
865 567 897 630 in
913 567 1015 646 initia,
1040 569 1091 646 39,
1108 569 1148 630 66
1172 560 1280 646 εἴξατε
1301 559 1385 651 θύρ-

248 690 303 733 σοι
326 669 359 732 in
382 671 446 734 line
470 690 584 734 versus
608 671 725 757 posuit.

337 771 435 857 Apud
458 772 785 852 Obristodorum,
815 774 869 859 qui
892 780 926 838 et
946 774 1018 858 ipsc
1044 773 1104 838 sub
1128 771 1308 837 Anastasio
1331 795 1384 838 eo-

251 874 385 959 phrasin
408 897 499 940 suam
517 875 658 962 scripsit,
682 877 785 940 solum
809 896 939 940 versum
956 878 1018 940 378
1035 876 1131 940 Pauli
1147 875 1256 940 versui
1271 873 1305 938 Il
1323 878 1385 940 598

251 979 450 1064 persimilem
475 1000 548 1044 asse
572 979 648 1044 vidi.

296 1081 373 1146 Ohr.
387 1085 465 1147 378:
485 1075 666 1167 Ἡρόδοτος
681 1077 861 1164 πολύιδρις,
879 1071 916 1161 ὃς
931 1075 1077 1168 ὠγυγίαν
1092 1079 1169 1147 κλέα
1184 1076 1303 1168 φώτων
1317 1081 1384 1146 κτλ.

293 1185 330 1252 Ρ.
344 1185 467 1250 11598:
486 1180 595 1250 πάντα
606 1183 666 1269 μὲν
677 1179 824 1271 ὠγυγίαν
836 1209 871 1250 τε
882 1183 939 1250 καὶ
952 1179 1138 1268 ὁπλοτέρων
1149 1182 1227 1250 κλέα
1238 1179 1384 1268 μόχθων.

336 1287 491 1354 Oannina
505 1294 674 1375 poetarum
698 1289 838 1369 illorum,
863 1288 918 1374 qui
940 1293 1014 1374 post
1029 1289 1183 1353 Nonnum
1202 1289 1384 1353 floruerunt

250 1413 310 1456 nec
337 1394 452 1479 procul
480 1393 599 1457 absunt
625 1415 645 1457 a
667 1392 762 1457 Pauli
791 1391 1010 1478 temporibus,
1041 1391 1144 1457 Paulo
1176 1397 1255 1455 ncta
1282 1391 1384 1456 fuisse

253 1518 312 1582 per
344 1518 379 1561 se
409 1495 576 1581 probabile
609 1502 676 1577 est,
712 1496 874 1582 exemplis
904 1501 1015 1560 autem
1047 1517 1067 1559 a
1097 1516 1149 1560 me
1177 1495 1295 1559 adlatis
1323 1495 1385 1558 hoo

253 1598 510 1663 demonstratum
534 1619 607 1662 esse
623 1603 755 1684 propter
770 1619 883 1664 corum
899 1599 1096 1686 paucitatem
1120 1600 1191 1685 ipse
1214 1619 1280 1662 non
1296 1603 1384 1684 puto.

338 1702 403 1768 Sed
427 1723 501 1768 cum
523 1702 573 1766 his
598 1724 641 1766 ex
656 1699 943 1767 observationibus
959 1702 1083 1766 tructus
1100 1723 1164 1766 non
1186 1701 1233 1766 ita
1249 1723 1385 1786 magnos

249 1806 506 1894 perceperimus,
529 1806 634 1890 magis
658 1805 799 1870 fortasse
823 1806 994 1870 adlicimur
1017 1806 1082 1870 alia
1097 1805 1289 1891 quaestione
1312 1826 1386 1891 pro-

250 1909 402 1996 ponenda
425 1909 464 1974 de
481 1909 736 1990 necessitudine,
760 1930 844 1994 quae
859 1909 945 1974 inter
967 1909 1174 1974 Musaeum
1198 1915 1231 1974 et
1246 1908 1385 1974 Paulum

250 2019 310 2079 ost.
355 2013 491 2079 Poetam
507 2015 599 2078 illum
616 2014 781 2093 carminis,
805 2013 891 2099 quod
914 2007 977 2094 „adr
999 2014 1079 2078 καθ’
1094 2008 1187 2096 Ἥρω
1202 2010 1259 2078 καὶ
1274 2009 1385 2078 Λέαν-

250 2115 347 2200 δρον“
371 2116 570 2193 inscribitur,
594 2122 669 2180 ante
689 2114 863 2180 Iustiniani
882 2121 1031 2203 tempora
1046 2116 1191 2200 viguisse
1213 2116 1276 2180 viri
1298 2115 1386 2180 docti

250 2226 367 2306 putare
392 2220 511 2296 solent;
535 2220 645 2304 itaque
668 2218 846 2304 Agathiam
870 2225 905 2284 et
920 2219 1058 2283 Paulum
1081 2218 1144 2283 hoc
1166 2240 1284 2305 poema
1307 2239 1386 2304 cog-

250 2324 381 2389 novisse
397 2323 573 2389 verisimile
590 2329 650 2387 est.
684 2322 728 2386 Et
743 2323 853 2387 attulit
867 2323 898 2386 N
901 2322 1068 2388 iebuhrius
1083 2321 1247 2408 Agathiae
1267 2324 1386 2402 locum,

252 2448 316 2512 quo
348 2428 485 2513 scriptor
514 2427 718 2512 Byzantinus
750 2426 790 2491 ad
820 2425 989 2491 Musaeum
1022 2432 1195 2511 spectaret.
1250 2425 1387 2511 Legitur

252 2530 338 2596 enim
356 2530 441 2615 apud
458 2530 547 2594 illum
563 2530 637 2595 bist.
649 2529 680 2593 V
690 2532 749 2593 22:
766 2525 798 2594 ol
814 2527 851 2594 δὲ
864 2518 979 2596 Ου’ννοι
995 2566 1036 2576 -
1052 2521 1178 2614 ἀθρόον
1193 2523 1386 2594 κατεδύοντο

250 2630 283 2698 ἐν
306 2635 354 2720 τῷ
375 2628 477 2719 βάθει
501 2630 558 2699 καὶ
573 2628 733 2721 ἔθνησκον
755 2625 950 2721 ἀχρήστου
973 2635 1102 2697 ποτοῦ
1126 2626 1384 2717 ἐμπιπλάμενοι.

251 2735 301 2802 Of.
324 2736 408 2803 Mus.
431 2739 510 2801 328:

335 2839 393 2906 καὶ
415 2835 542 2908 ποτὸν
564 2833 785 2929 ἆχρήιστον
808 2832 1036 2925 ἀμαιμακέτου
1059 2835 1137 2905 πίεν
1158 2833 1272 2926 ἅλμης.

251 2942 312 3008 uui
334 2945 407 3009 loco
431 2945 666 3031 Bernhardyus
680 2944 705 3030 ¹)
730 2945 794 3010 alia
810 2944 974 3030 Agathiae
998 2945 1097 3009 verba
1120 2943 1278 3025 adiunxit,
1302 2963 1385 3030 quae

252 3050 345 3133 quasi
368 3049 477 3114 furtim
494 3051 657 3135 respicere
681 3047 722 3113 ad
739 3071 871 3114 carmen
886 3048 966 3113 illud
988 3042 1231 3133 ἐρωτικώτατον
1247 3047 1384 3133 putavit.

250 3152 412 3236 Agathias
435 3153 510 3220 hist.
535 3154 622 3218 V12
650 3159 776 3217 narrat:
807 3147 932 3238 Σηστὸς
958 3150 994 3238 γέ
1020 3149 1090 3218 ἐστι
1120 3145 1219 3229 πόλις
1246 3144 1267 3239 ἡ
1290 3173 1386 3236 ιιερι-

249 3249 389 3341 λάλητος
417 3257 457 3344 τῇ
490 3252 626 3345 ποιήσει
656 3253 713 3321 καὶ
744 3248 948 3342 ὀνομαστάτη
984 3247 1042 3321 οὐκ
1070 3247 1169 3320 ι’έλλου
1202 3255 1262 3320 τοῦ
1293 3251 1385 3319 ἕνεκα

251 3349 346 3442 οἶμαι
370 3352 392 3447 ἤ
412 3354 512 3442 μόνον
534 3357 592 3426 ἐντὶ
614 3359 661 3447 τῷ
676 3353 779 3445 λύχνῳ
801 3359 859 3445 τῆς
870 3352 990 3442 Ἡροῦς
1009 3354 1131 3444 ἐκείνης
1152 3359 1212 3446 τῆς
1227 3352 1386 3444 Σηστίόος

199 3535 203 3542 ,
250 3459 307 3527 καὶ
334 3463 381 3550 τῷ
403 3457 576 3548 Λεάνδρου
606 3459 702 3547 ἔρωτι
729 3459 786 3527 καὶ
809 3456 956 3549 θανάτῳ.
1001 3461 1055 3525 Ad
1078 3462 1163 3526 hanc
1187 3461 1386 3527 sententiam

253 3566 352 3630 etiam
381 3566 532 3631 Erwinus
560 3565 714 3651 Rohde2)
748 3566 902 3647 accessit,
937 3566 991 3651 qui
1025 3565 1067 3630 ad
1094 3564 1222 3630 Musaei
1255 3585 1387 3630 carmen

251 3670 383 3735 fabulae
416 3669 586 3735 Sestiaoae
617 3672 737 3735 famam
767 3668 984 3734 revocandam
1020 3689 1094 3734 esse
1120 3669 1261 3750 censuit,
1289 3688 1386 3752 quam

251 3779 452 3839 testarentur
466 3774 613 3839 nonnulli
630 3795 717 3840 saec.
733 3796 765 3860 p.
779 3773 853 3838 chr.
867 3793 898 3837 n.
910 3772 968 3838 VI.
985 3778 1104 3858 poetae
1121 3771 1387 3858 epigrammatici.

251 3876 300 3941 cf.
323 3877 512 3962 Agatbiam,
536 3878 592 3962 qui
614 3877 654 3943 A.
670 3878 708 3944 P.
737 3877 768 3941 V
784 3879 888 3958 263,3
911 3899 958 3963 sq.
986 3877 1131 3963 puellam
1154 3876 1200 3940 ita
1222 3876 1386 3940 lucernam

250 3979 480 4066 adloquentem
502 3981 596 4045 facit:

409 4076 462 4149 ἀεὶ
485 4078 523 4149 σύ
548 4081 702 4170 φθονέεις
723 4085 763 4170 τῇ
784 4079 935 4170 Κυπρίὸι
957 4081 1013 4148 καὶ
1037 4077 1097 4169 μὰρ
1120 4077 1176 4150 ὅθ’
1195 4077 1286 4170 (Ηρολ

480 4182 604 4274 ἥρμοσε
625 4182 846 4274 Λειάνδρηι..
869 4184 959 4270 θυμέ
980 4181 1018 4252 τὸ
1041 4180 1161 4252 λοιπὸν
1183 4181 1231 4250 έα.

252 4297 274 4303 —
291 4298 319 4302 ·-
341 4345 361 4409 ¹)
385 4343 487 4398 Gricob.
506 4341 653 4412 Dittposcb.
674 4341 723 4395 ²11
743 4343 767 4406 1,
786 4359 813 4410 p.
824 4342 884 4397 405.

341 4431 363 4496 ²)
387 4428 486 4484 Gricdr.
507 4429 616 4483 Romam
634 4447 660 4498 p.
672 4429 722 4483 130
732 4447 772 4497 sq.
791 4427 854 4481 adn.

661 4666 1019 4741 ff
