3224 4946
688 279 901 340 „71-

201 451 204 458 '
231 466 292 508 nec
318 451 407 510 caret
430 445 483 508 hic
506 447 597 510 locus
621 447 772 532 exemplo
796 447 920 530 Nonni,
945 438 1026 514 ¹nam
1057 449 1144 514 idem
1174 452 1367 516 vocabulum

135 547 138 552 ’
230 551 277 614 ita
300 555 491 636 usurpatum
517 551 656 614 occurrit
684 551 717 614 in
740 551 837 616 Dion.
861 575 890 618 u.
915 557 943 635 2,
961 557 1032 620 374.
1063 555 1112 620 of.
1137 555 1233 620 etiarn
1262 561 1288 634 1,
1306 560 1367 620 458

231 648 398 741 (φάτνης),
423 653 539 738 quibus
563 653 595 716 in
619 653 768 718 versibus
793 677 900 720 rarum
925 658 1011 722 hunc
1034 680 1129 722 usum
1153 680 1191 722 eo
1216 660 1367 724 excusari

232 756 465 820 Scheindlerus
489 756 680 822 Ludwichio
712 758 793 823 duee
818 758 934 843 (Belo.
958 783 989 846 p.
1012 765 1060 839 10)
1085 763 1249 846 opinatur,
1281 763 1367 847 quod

229 859 317 924 idern
340 859 536 924 vocabulum
559 861 592 923 in
617 862 764 926 clausula
788 883 901 954 versus
925 865 972 928 ita
995 871 1177 950 repetatur,
1202 874 1237 929 ut
1261 867 1366 951 prima

231 965 359 1048 syllaba
380 965 413 1027 in
438 965 504 1028 arsi
526 969 603 1037 stet;
630 965 669 1028 cf.
695 967 724 1046 2,
741 968 822 1028 374:

359 1063 417 1130 καὶ
440 1062 561 1152 πέτρην
583 1063 813 1152 προθέλυμνον
836 1063 1040 1155 ἕπασσυτέρῃ
1064 1067 1145 1136 θέτο
1168 1067 1280 1158 πέτρῃ.

230 1171 329 1234 Hunc
346 1177 455 1234 autem
474 1171 580 1234 lusum
593 1171 765 1234 metricum
777 1170 895 1235 Nonno
913 1173 946 1235 in
958 1171 1083 1236 deliciis
1097 1174 1199 1238 luisse
1217 1177 1367 1260 exempla

231 1297 250 1338 a
275 1272 487 1338 Scheindlero
511 1271 557 1357 (p.
574 1270 630 1355 63)
654 1271 804 1358 adposita
831 1273 959 1340 docent.

320 1377 454 1440 Ceteros
478 1375 573 1440 Pauli
595 1377 683 1440 locos
714 1377 747 1440 in
771 1377 909 1442 ambone
934 1379 1000 1463 legi
1029 1401 1093 1443 non
1118 1381 1264 1446 omittam
1288 1403 1365 1446 eno-

231 1490 300 1546 tare
326 1487 512 1568 propterea,
537 1480 623 1566 quod
646 1481 710 1544 iam
731 1481 862 1566 saepius
886 1482 919 1545 in
942 1481 1004 1546 hac
1028 1489 1120 1568 parte
1138 1484 1366 1570 descriptionis

230 1587 417 1652 liberiorem
441 1590 559 1670 poetae
583 1605 678 1648 usum
703 1585 922 1667 cognovimus.
968 1585 1008 1649 Iu
1030 1586 1125 1672 pedis
1142 1587 1185 1650 ΙΙ.
1210 1587 1295 1652 thesi
1317 1589 1366 1652 bis

231 1691 276 1777 (a.
294 1694 344 1754 24.
369 1688 425 1772 97)
449 1710 513 1752 vox
535 1682 678 1773 βάθροις
701 1689 850 1766 occurrit,
876 1691 978 1753 semel
1002 1690 1045 1774 (v.
1064 1689 1119 1770 28)
1142 1685 1259 1777 κύκλῳ.

317 1792 358 1858 Α.
382 1793 419 1856 Ρ.
450 1793 686 1878 epigrammata
717 1797 843 1877 septem
873 1792 969 1856 huius
1005 1794 1177 1879 positionis
1214 1797 1366 1880 exempla

230 1898 406 1984 praebent,
452 1915 589 1980 quorum
623 1899 640 1956 5
675 1915 747 1959 eam
788 1895 821 1958 in
855 1895 939 1981 pede
974 1896 1018 1961 Π.
1053 1898 1226 1974 exhibent3
1264 1900 1367 1964 semel

229 2003 324 2088 pedis
348 2002 374 2066 I.
397 2000 500 2064 thesis
525 2019 564 2062 ea
586 1997 799 2083 productione
823 1999 962 2083 insignis
987 2007 1045 2065 est.

317 2105 356 2169 In
391 2104 516 2184 verbis,
551 2123 635 2187 quae
670 2102 779 2187 plures
814 2123 911 2187 quam
945 2103 1026 2168 duas
1061 2105 1204 2190 syllabas
1234 2105 1365 2184 habent,

230 2209 347 2294 positio
383 2207 501 2272 debilis
537 2206 669 2291 saepius
699 2205 880 2269 admittitur
912 2208 945 2270 in
979 2207 1066 2272 thesi
1097 2208 1190 2293 pedis
1213 2208 1257 2272 ΙΙ.
1283 2206 1378 2293 (44),.

229 2314 334 2377 rarius
357 2313 390 2375 in
413 2310 498 2374 thesi
515 2309 608 2395 pedis
625 2307 682 2372 IV.
709 2307 796 2394 (21);
821 2309 937 2374 eadem
961 2310 1002 2375 de
1020 2311 1262 2397 epigrammatis
1279 2333 1365 2376 com-

230 2415 442 2482 memoranda
466 2422 550 2479 sunt.
596 2415 812 2480 Inveniuntur
843 2423 953 2481 autem
977 2419 1063 2504 apud
1086 2419 1225 2484 Paulum
1249 2420 1366 2484 horum

229 2521 404 2586 verborum
427 2527 492 2583 tres
509 2519 679 2584 dumtaxat
695 2519 834 2585 formae:
860 2535 879 2570 ῑ
899 2523 904 2602 l
925 2545 986 2601 -ω,
1018 2539 1070 2574 s:
1091 2524 1095 2609 Ι
1115 2549 1177 2605 ιν,
1209 2538 1230 2574 t
1249 2527 1253 2606 l
1275 2550 1366 2604 m,

230 2647 366 2712 quarum
389 2625 494 2710 prima
518 2623 706 2710 producitur
728 2624 762 2686 in
785 2623 873 2688 thesi
895 2623 988 2710 pedis
1004 2625 1047 2689 ΙΙ.
1065 2633 1098 2692 et
1113 2626 1182 2708 IV„
1206 2629 1311 2692 altera
1334 2629 1367 2691 in

229 2729 314 2816 pede
338 2729 394 2806 IL,
418 2728 515 2792 tertia
537 2728 571 2790 in
594 2726 678 2812 pede
701 2726 760 2791 IV.

316 2833 369 2896 Ex
384 2832 479 2896 Pauli
495 2833 594 2916 igitur
616 2852 680 2894 non
697 2831 804 2894 minus
822 2852 919 2916 quam
942 2851 985 2896 ex
1000 2831 1111 2896 Nonni
1135 2840 1167 2898 et
1183 2839 1367 2899 ceterorum

229 2937 475 3001 Nonnianorum
504 2957 567 3000 usu
595 2937 692 3020 plane
723 2940 874 3020 apparet,
906 2941 1109 3022 quantopere
1133 2937 1302 3000 deminuta
1325 2939 1367 3002 sit

229 3042 277 3105 vis
300 3046 409 3105 mutae
433 3061 506 3104 cum
528 3038 651 3124 liquida
679 3038 880 3102 coniunctae.
925 3039 1010 3102 Nam
1038 3061 1079 3104 ne
1110 3041 1197 3125 apud
1219 3047 1366 3104 nostrum

230 3144 361 3230 quidem
383 3149 515 3228 poetam
545 3142 726 3206 admittitur
756 3141 839 3206 haec
861 3143 981 3227 positio
1006 3144 1068 3207 nisi
1093 3143 1174 3207 arsis
1199 3145 1230 3207 vi
1254 3143 1364 3209 suble-

230 3255 308 3312 vata
331 3247 478 3333 exceptis
508 3246 683 3332 perpaucis
711 3245 810 3325 locis,
839 3245 957 3331 quibus
986 3247 1059 3332 ipsa
1082 3248 1213 3332 regula,
1239 3249 1366 3314 sivero

232 3351 329 3417 docet
351 3357 447 3416 vetus
469 3350 551 3414 illud
573 3349 793 3436 proverbium,
817 3351 916 3415 etiam
940 3352 1179 3418 corroboratur.

319 3454 386 3520 Sed
417 3459 454 3518 ut
481 3454 578 3518 huius
610 3453 776 3540 positionis
807 3476 886 3518 usus
918 3455 994 3520 inde
1019 3479 1039 3520 a
1060 3457 1176 3521 Nonno
1206 3458 1302 3522 certis
1334 3463 1367 3522 et

229 3559 470 3645 angustissimis
494 3558 612 3622 finibus
643 3559 907 3644 circumscriptus
933 3565 1013 3640 erat,
1034 3561 1081 3624 ita
1104 3582 1177 3625 earn
1202 3562 1366 3646 nelegere‚

229 3685 292 3748 quo
330 3665 465 3748 quisque
504 3663 603 3728 vellet
632 3663 723 3743 loeo,
763 3663 893 3727 omnino
920 3683 985 3726 non
1018 3664 1140 3728 licebat
1173 3663 1365 3730 Nonnianis.

229 3769 344 3852 Itaque
369 3769 467 3832 etiam
492 3768 698 3852 correptio
722 3767 862 3846 attica,
895 3788 979 3851 quae
1008 3769 1128 3831 omissa
1155 3766 1366 3852 productione

230 3877 306 3936 ante
329 3876 452 3935 mutam
477 3877 510 3935 et
532 3870 689 3955 liquidam
713 3871 823 3950 oritur,
846 3869 976 3954 legibus
994 3869 1189 3956 quibusdam
1212 3869 1367 3934 adstricta

230 3981 289 4041 est.
336 3975 408 4048 Qua
436 3974 597 4060 quomodo
626 3974 701 4040 inde
731 3974 772 4038 ab
796 3974 941 4038 Homero
967 3975 1018 4038 usi
1043 3975 1106 4038 sint
1130 3980 1247 4059 poetae
1272 3973 1367 4059 epici,

228 4080 383 4165 princeps
421 4079 574 4164 exposuit
610 4077 743 4143 Godofr.
773 4079 983 4143 Hermannus
1017 4079 1050 4142 in
1088 4078 1366 4164 praestantissimo

229 4183 445 4268 Orphicorum
474 4182 567 4248 libro.
619 4182 685 4247 Sed
708 4183 898 4268 priusquam
926 4181 967 4246 de
998 4182 1094 4246 huius
1123 4183 1182 4246 viri
1212 4181 1366 4267 opinione

228 4286 405 4366 disseram,
440 4306 537 4370 quam
559 4285 711 4372 praebuit
734 4285 774 4350 de
798 4286 915 4350 Nonno
945 4290 979 4350 et
1000 4285 1118 4365 Paulo,
1148 4285 1249 4370 ipsius
1272 4285 1368 4350 Pauli

229 4412 325 4455 usum
356 4389 636 4454 demonstraturus
669 4411 750 4454 sum.
804 4389 867 4454 Hic
897 4409 1025 4474 quoque
1056 4388 1218 4474 agendum
1248 4394 1298 4452 est
1327 4388 1366 4452 de
