<?xml version="1.0" encoding="UTF-8"?>
<!DOCTYPE html PUBLIC "-//W3C//DTD XHTML 1.0 Transitional//EN"
    "http://www.w3.org/TR/xhtml1/DTD/xhtml1-transitional.dtd">
<html xmlns="http://www.w3.org/1999/xhtml" xml:lang="en" lang="en">
 <head>
  <title>
</title>
<meta http-equiv="Content-Type" content="text/html;charset=utf-8" />
  <meta name='ocr-system' content='tesseract 3.04.00' />
  <meta name='ocr-capabilities' content='ocr_page ocr_carea ocr_par ocr_line ocrx_word'/>
</head>
<body>
  <div class='ocr_page' id='page_1' title='image "./depaulosilentar00merigoog_0068.png"; bbox 0 0 3224 4946; ppageno 0'>
   <div class='ocr_carea' id='block_1_1' title="bbox 695 296 907 356">
    <p class='ocr_par' dir='ltr' id='par_1_1' title="bbox 695 296 907 356">
     <span class='ocr_line' id='line_1_1' title="bbox 695 296 907 356; baseline -0.009 -16"><span class='ocrx_word' id='word_1_1' title='bbox 695 296 907 356; x_wconf 58' lang='lat'>..55-</span> 
     </span>
    </p>
   </div>
   <div class='ocr_carea' id='block_1_2' title="bbox 323 463 1368 548">
    <p class='ocr_par' dir='ltr' id='par_1_2' title="bbox 323 463 1368 548">
     <span class='ocr_line' id='line_1_2' title="bbox 323 463 1368 548; baseline 0 -20"><span class='ocrx_word' id='word_1_2' title='bbox 323 487 349 528; x_wconf 92' lang='lat' dir='ltr'>c.</span> <span class='ocrx_word' id='word_1_3' title='bbox 378 465 545 528; x_wconf 82' lang='lat' dir='ltr'>Priores</span> <span class='ocrx_word' id='word_1_4' title='bbox 569 465 713 528; x_wconf 89' lang='lat' dir='ltr'>theses</span> <span class='ocrx_word' id='word_1_5' title='bbox 736 465 794 528; x_wconf 87' lang='lat' dir='ltr'>has</span> <span class='ocrx_word' id='word_1_6' title='bbox 818 465 903 528; x_wconf 91' lang='lat' dir='ltr'>solas</span> <span class='ocrx_word' id='word_1_7' title='bbox 926 465 960 527; x_wconf 91' lang='lat' dir='ltr'>in</span> <span class='ocrx_word' id='word_1_8' title='bbox 976 463 1193 548; x_wconf 79' lang='lat' dir='ltr'>descriptione</span> <span class='ocrx_word' id='word_1_9' title='bbox 1217 465 1368 528; x_wconf 82' lang='lat' dir='ltr'>elisiones</span> 
     </span>
    </p>
   </div>
   <div class='ocr_carea' id='block_1_3' title="bbox 237 565 1477 652">
    <p class='ocr_par' dir='ltr' id='par_1_3' title="bbox 237 565 1477 652">
     <span class='ocr_line' id='line_1_3' title="bbox 237 565 1477 652; baseline 0.002 -20"><span class='ocrx_word' id='word_1_10' title='bbox 237 569 411 633; x_wconf 83' lang='lat' dir='ltr'>exhibent:</span> <span class='ocrx_word' id='word_1_11' title='bbox 435 567 474 646; x_wconf 82' lang='grc' dir='ltr'>δ’,</span> <span class='ocrx_word' id='word_1_12' title='bbox 497 566 537 644; x_wconf 79' lang='grc' dir='ltr'>τ’,</span> <span class='ocrx_word' id='word_1_13' title='bbox 560 565 679 652; x_wconf 73' lang='lat' dir='ltr'>aor’1).</span> <span class='ocrx_word' id='word_1_14' title='bbox 704 606 745 616; x_wconf 92' lang='grc'>-</span> <span class='ocrx_word' id='word_1_15' title='bbox 769 567 797 630; x_wconf 82' lang='lat' dir='ltr'>d’</span> <span class='ocrx_word' id='word_1_16' title='bbox 812 565 854 631; x_wconf 75' lang='lat' dir='ltr'>‘in</span> <span class='ocrx_word' id='word_1_17' title='bbox 876 567 959 652; x_wconf 91' lang='lat' dir='ltr'>pede</span> <span class='ocrx_word' id='word_1_18' title='bbox 983 567 1010 632; x_wconf 91' lang='grc' dir='ltr'>Ι.</span> <span class='ocrx_word' id='word_1_19' title='bbox 1035 572 1069 631; x_wconf 89' lang='lat' dir='ltr'>et</span> <span class='ocrx_word' id='word_1_20' title='bbox 1090 567 1150 642; x_wconf 89' lang='lat' dir='ltr'>V.;</span> <span class='ocrx_word' id='word_1_21' title='bbox 1172 567 1206 632; x_wconf 92' lang='lat' dir='ltr'>in</span> <span class='ocrx_word' id='word_1_22' title='bbox 1228 568 1368 632; x_wconf 81' lang='lat' dir='ltr'>ambone</span> <span class='ocrx_word' id='word_1_23' title='bbox 1473 625 1477 634; x_wconf 92' lang='lat'>.</span> 
     </span>
    </p>
   </div>
   <div class='ocr_carea' id='block_1_4' title="bbox 232 670 1369 3859">
    <p class='ocr_par' dir='ltr' id='par_1_4' title="bbox 234 670 1367 1481">
     <span class='ocr_line' id='line_1_4' title="bbox 236 670 1367 756; baseline -0.001 -22"><span class='ocrx_word' id='word_1_24' title='bbox 236 677 345 735; x_wconf 85' lang='lat' dir='ltr'>autem</span> <span class='ocrx_word' id='word_1_25' title='bbox 370 672 472 735; x_wconf 87' lang='lat' dir='ltr'>semel</span> <span class='ocrx_word' id='word_1_26' title='bbox 496 671 539 753; x_wconf 86' lang='lat' dir='ltr'>(v.</span> <span class='ocrx_word' id='word_1_27' title='bbox 558 670 612 756; x_wconf 88' lang='grc'>86)</span> <span class='ocrx_word' id='word_1_28' title='bbox 637 670 671 734; x_wconf 94' lang='lat' dir='ltr'>in</span> <span class='ocrx_word' id='word_1_29' title='bbox 693 671 777 756; x_wconf 88' lang='lat' dir='ltr'>pede</span> <span class='ocrx_word' id='word_1_30' title='bbox 792 670 852 734; x_wconf 86' lang='lat' dir='ltr'>IV.</span> <span class='ocrx_word' id='word_1_31' title='bbox 877 677 910 734; x_wconf 90' lang='lat' dir='ltr'>et</span> <span class='ocrx_word' id='word_1_32' title='bbox 932 673 1035 736; x_wconf 90' lang='lat' dir='ltr'>semel</span> <span class='ocrx_word' id='word_1_33' title='bbox 1051 672 1149 734; x_wconf 90' lang='lat' dir='ltr'>etiam</span> <span class='ocrx_word' id='word_1_34' title='bbox 1171 671 1204 735; x_wconf 94' lang='lat' dir='ltr'>in</span> <span class='ocrx_word' id='word_1_35' title='bbox 1222 670 1306 756; x_wconf 93' lang='lat' dir='ltr'>pede</span> <span class='ocrx_word' id='word_1_36' title='bbox 1322 670 1367 734; x_wconf 92' lang='lat' dir='ltr'>II.</span> 
     </span>
     <span class='ocr_line' id='line_1_5' title="bbox 237 773 1367 860; baseline 0.001 -22"><span class='ocrx_word' id='word_1_37' title='bbox 237 773 391 859; x_wconf 81' lang='lat' dir='ltr'>(a.151);</span> <span class='ocrx_word' id='word_1_38' title='bbox 419 811 453 820; x_wconf 94' lang='lat'><em>-</em></span> <span class='ocrx_word' id='word_1_39' title='bbox 479 773 550 838; x_wconf 77' lang='grc' dir='ltr'>κατ’</span> <span class='ocrx_word' id='word_1_40' title='bbox 574 775 608 837; x_wconf 94' lang='lat' dir='ltr'>in</span> <span class='ocrx_word' id='word_1_41' title='bbox 624 775 761 838; x_wconf 86' lang='lat' dir='ltr'>ambone</span> <span class='ocrx_word' id='word_1_42' title='bbox 783 775 834 838; x_wconf 92' lang='lat' dir='ltr'>bis</span> <span class='ocrx_word' id='word_1_43' title='bbox 857 776 889 838; x_wconf 93' lang='lat' dir='ltr'>in</span> <span class='ocrx_word' id='word_1_44' title='bbox 910 775 993 860; x_wconf 92' lang='lat' dir='ltr'>pede</span> <span class='ocrx_word' id='word_1_45' title='bbox 1009 775 1080 856; x_wconf 75' lang='lat' dir='ltr'>IV,</span> <span class='ocrx_word' id='word_1_46' title='bbox 1102 773 1131 840; x_wconf 79' lang='grc' dir='ltr'>τ’</span> <span class='ocrx_word' id='word_1_47' title='bbox 1154 775 1187 838; x_wconf 95' lang='lat' dir='ltr'>in</span> <span class='ocrx_word' id='word_1_48' title='bbox 1210 773 1293 860; x_wconf 90' lang='lat' dir='ltr'>pede</span> <span class='ocrx_word' id='word_1_49' title='bbox 1309 773 1367 859; x_wconf 84' lang='lat'>1.2)</span> 
     </span>
     <span class='ocr_line' id='line_1_6' title="bbox 235 877 1367 964; baseline -0.001 -22"><span class='ocrx_word' id='word_1_50' title='bbox 235 879 309 942; x_wconf 93' lang='lat' dir='ltr'>Non</span> <span class='ocrx_word' id='word_1_51' title='bbox 329 878 510 958; x_wconf 83' lang='lat' dir='ltr'>miraberis,</span> <span class='ocrx_word' id='word_1_52' title='bbox 528 877 613 963; x_wconf 93' lang='lat' dir='ltr'>quod</span> <span class='ocrx_word' id='word_1_53' title='bbox 628 879 721 963; x_wconf 89' lang='lat' dir='ltr'>pedis</span> <span class='ocrx_word' id='word_1_54' title='bbox 736 879 780 943; x_wconf 91' lang='lat' dir='ltr'>II.</span> <span class='ocrx_word' id='word_1_55' title='bbox 797 879 909 944; x_wconf 90' lang='lat' dir='ltr'>theses</span> <span class='ocrx_word' id='word_1_56' title='bbox 926 885 960 943; x_wconf 93' lang='lat' dir='ltr'>et</span> <span class='ocrx_word' id='word_1_57' title='bbox 974 879 1134 964; x_wconf 85' lang='lat' dir='ltr'>posterior</span> <span class='ocrx_word' id='word_1_58' title='bbox 1157 886 1190 942; x_wconf 91' lang='lat' dir='ltr'>et</span> <span class='ocrx_word' id='word_1_59' title='bbox 1205 879 1293 964; x_wconf 90' lang='lat' dir='ltr'>prior</span> <span class='ocrx_word' id='word_1_60' title='bbox 1309 878 1367 942; x_wconf 94' lang='lat' dir='ltr'>eli-</span> 
     </span>
     <span class='ocr_line' id='line_1_7' title="bbox 237 981 1367 1066; baseline 0 -22"><span class='ocrx_word' id='word_1_61' title='bbox 237 983 330 1045; x_wconf 91' lang='lat' dir='ltr'>sione</span> <span class='ocrx_word' id='word_1_62' title='bbox 353 985 480 1059; x_wconf 87' lang='lat' dir='ltr'>vaoant,</span> <span class='ocrx_word' id='word_1_63' title='bbox 505 981 531 1044; x_wconf 90' lang='lat' dir='ltr'>si</span> <span class='ocrx_word' id='word_1_64' title='bbox 555 981 587 1044; x_wconf 91' lang='lat' dir='ltr'>in</span> <span class='ocrx_word' id='word_1_65' title='bbox 611 982 801 1045; x_wconf 89' lang='lat' dir='ltr'>memoriam</span> <span class='ocrx_word' id='word_1_66' title='bbox 825 982 1044 1061; x_wconf 83' lang='lat' dir='ltr'>revocaveris,</span> <span class='ocrx_word' id='word_1_67' title='bbox 1073 1002 1155 1065; x_wconf 88' lang='lat' dir='ltr'>quae</span> <span class='ocrx_word' id='word_1_68' title='bbox 1179 981 1367 1066; x_wconf 87' lang='lat' dir='ltr'>supradixi</span> 
     </span>
     <span class='ocr_line' id='line_1_8' title="bbox 235 1082 1366 1169; baseline -0.002 -21"><span class='ocrx_word' id='word_1_69' title='bbox 235 1085 276 1148; x_wconf 91' lang='lat' dir='ltr'>de</span> <span class='ocrx_word' id='word_1_70' title='bbox 299 1085 361 1148; x_wconf 88' lang='lat' dir='ltr'>heo</span> <span class='ocrx_word' id='word_1_71' title='bbox 386 1083 462 1148; x_wconf 88' lang='lat' dir='ltr'>sede</span> <span class='ocrx_word' id='word_1_72' title='bbox 486 1083 680 1164; x_wconf 83' lang='lat' dir='ltr'>hexametri,</span> <span class='ocrx_word' id='word_1_73' title='bbox 705 1105 801 1168; x_wconf 90' lang='lat' dir='ltr'>quam</span> <span class='ocrx_word' id='word_1_74' title='bbox 824 1085 1088 1169; x_wconf 84' lang='lat' dir='ltr'>Baumgartenus</span> <span class='ocrx_word' id='word_1_75' title='bbox 1104 1083 1149 1169; x_wconf 89' lang='lat' dir='ltr'>(p.</span> <span class='ocrx_word' id='word_1_76' title='bbox 1168 1082 1222 1169; x_wconf 88' lang='grc'>34)</span> <span class='ocrx_word' id='word_1_77' title='bbox 1247 1083 1366 1147; x_wconf 89' lang='lat' dir='ltr'>delica-</span> 
     </span>
     <span class='ocr_line' id='line_1_9' title="bbox 234 1185 1367 1273; baseline 0 -21"><span class='ocrx_word' id='word_1_78' title='bbox 234 1189 393 1252; x_wconf 90' lang='lat' dir='ltr'>tissimam</span> <span class='ocrx_word' id='word_1_79' title='bbox 414 1187 601 1250; x_wconf 90' lang='lat' dir='ltr'>nominavit.</span> <span class='ocrx_word' id='word_1_80' title='bbox 633 1187 820 1272; x_wconf 91' lang='lat' dir='ltr'>Numquam</span> <span class='ocrx_word' id='word_1_81' title='bbox 834 1187 926 1252; x_wconf 91' lang='lat' dir='ltr'>elisio</span> <span class='ocrx_word' id='word_1_82' title='bbox 941 1189 1095 1272; x_wconf 91' lang='lat' dir='ltr'>inpriore</span> <span class='ocrx_word' id='word_1_83' title='bbox 1108 1187 1193 1252; x_wconf 91' lang='lat' dir='ltr'>thesi</span> <span class='ocrx_word' id='word_1_84' title='bbox 1205 1185 1367 1273; x_wconf 87' lang='lat' dir='ltr'>pedislll.</span> 
     </span>
     <span class='ocr_line' id='line_1_10' title="bbox 235 1285 1367 1377; baseline -0.002 -23"><span class='ocrx_word' id='word_1_85' title='bbox 235 1293 254 1356; x_wconf 93' lang='lat' dir='ltr'>i.</span> <span class='ocrx_word' id='word_1_86' title='bbox 280 1313 307 1356; x_wconf 90' lang='lat' dir='ltr'>e.</span> <span class='ocrx_word' id='word_1_87' title='bbox 339 1291 372 1354; x_wconf 93' lang='lat' dir='ltr'>in</span> <span class='ocrx_word' id='word_1_88' title='bbox 402 1311 540 1354; x_wconf 89' lang='lat' dir='ltr'>caesura</span> <span class='ocrx_word' id='word_1_89' title='bbox 573 1285 658 1354; x_wconf 80' lang='grc' dir='ltr'><strong><em>κατὰ</em></strong></span> <span class='ocrx_word' id='word_1_90' title='bbox 686 1286 796 1375; x_wconf 80' lang='grc' dir='ltr'><strong><em>τρίτον</em></strong></span> <span class='ocrx_word' id='word_1_91' title='bbox 823 1293 975 1377; x_wconf 81' lang='grc' dir='ltr'><strong><em>τροχαῖον</em></strong></span> <span class='ocrx_word' id='word_1_92' title='bbox 1006 1290 1195 1356; x_wconf 88' lang='lat' dir='ltr'>admittitur.</span> <span class='ocrx_word' id='word_1_93' title='bbox 1250 1290 1367 1374; x_wconf 88' lang='lat' dir='ltr'>Itaque</span> 
     </span>
     <span class='ocr_line' id='line_1_11' title="bbox 234 1393 1089 1481; baseline -0.004 -22"><span class='ocrx_word' id='word_1_94' title='bbox 234 1415 337 1481; x_wconf 88' lang='lat' dir='ltr'>paene</span> <span class='ocrx_word' id='word_1_95' title='bbox 362 1393 461 1457; x_wconf 90' lang='lat' dir='ltr'>nimia</span> <span class='ocrx_word' id='word_1_96' title='bbox 484 1400 573 1458; x_wconf 88' lang='lat' dir='ltr'>esset</span> <span class='ocrx_word' id='word_1_97' title='bbox 595 1395 730 1458; x_wconf 88' lang='lat' dir='ltr'>licentia</span> <span class='ocrx_word' id='word_1_98' title='bbox 751 1395 786 1457; x_wconf 94' lang='lat' dir='ltr'>in</span> <span class='ocrx_word' id='word_1_99' title='bbox 808 1395 847 1460; x_wconf 88' lang='lat' dir='ltr'>A.</span> <span class='ocrx_word' id='word_1_100' title='bbox 871 1394 908 1457; x_wconf 94' lang='lat' dir='ltr'>P.</span> <span class='ocrx_word' id='word_1_101' title='bbox 931 1395 963 1457; x_wconf 89' lang='lat' dir='ltr'><strong>V</strong></span> <span class='ocrx_word' id='word_1_102' title='bbox 980 1397 1052 1474; x_wconf 83' lang='lat'>272,</span> <span class='ocrx_word' id='word_1_103' title='bbox 1071 1397 1089 1456; x_wconf 86' lang='lat'>5</span> 
     </span>
    </p>

    <p class='ocr_par' dir='ltr' id='par_1_5' title="bbox 234 1487 1367 1788">
     <span class='ocr_line' id='line_1_12' title="bbox 320 1487 1245 1584; baseline -0.004 -22"><span class='ocrx_word' id='word_1_104' title='bbox 320 1491 422 1584; x_wconf 78' lang='grc' dir='ltr'><strong>ἥμισυ</strong></span> <span class='ocrx_word' id='word_1_105' title='bbox 444 1491 504 1582; x_wconf 70' lang='grc' dir='ltr'>γὰρ</span> <span class='ocrx_word' id='word_1_106' title='bbox 527 1490 654 1582; x_wconf 78' lang='grc' dir='ltr'><em>Παφίῃ,</em></span> <span class='ocrx_word' id='word_1_107' title='bbox 677 1491 716 1562; x_wconf 77' lang='grc' dir='ltr'>τὸ</span> <span class='ocrx_word' id='word_1_108' title='bbox 739 1495 768 1560; x_wconf 78' lang='grc' dir='ltr'>δ’</span> <span class='ocrx_word' id='word_1_109' title='bbox 792 1489 842 1582; x_wconf 65' lang='grc' dir='ltr'>ἄρ’</span> <span class='ocrx_word' id='word_1_110' title='bbox 865 1491 967 1584; x_wconf 78' lang='grc' dir='ltr'><strong>ἥμισυ</strong></span> <span class='ocrx_word' id='word_1_111' title='bbox 990 1494 1090 1560; x_wconf 76' lang='grc' dir='ltr'><em>δῶκεν</em></span> <span class='ocrx_word' id='word_1_112' title='bbox 1108 1487 1245 1582; x_wconf 76' lang='grc' dir='ltr'><strong><em>Ἀθήνῃ,</em></strong></span> 
     </span>
     <span class='ocr_line' id='line_1_13' title="bbox 234 1599 1367 1664; baseline -0.004 0"><span class='ocrx_word' id='word_1_113' title='bbox 234 1601 296 1664; x_wconf 90' lang='lat' dir='ltr'>nisi</span> <span class='ocrx_word' id='word_1_114' title='bbox 311 1601 373 1664; x_wconf 93' lang='lat' dir='ltr'>hoo</span> <span class='ocrx_word' id='word_1_115' title='bbox 390 1601 461 1664; x_wconf 91' lang='lat' dir='ltr'>loco</span> <span class='ocrx_word' id='word_1_116' title='bbox 478 1620 614 1663; x_wconf 88' lang='lat' dir='ltr'>caesura</span> <span class='ocrx_word' id='word_1_117' title='bbox 630 1599 691 1664; x_wconf 91' lang='lat' dir='ltr'>III.</span> <span class='ocrx_word' id='word_1_118' title='bbox 708 1599 864 1664; x_wconf 85' lang='lat' dir='ltr'>feminina</span> <span class='ocrx_word' id='word_1_119' title='bbox 881 1599 1011 1663; x_wconf 90' lang='lat' dir='ltr'>omnino</span> <span class='ocrx_word' id='word_1_120' title='bbox 1028 1599 1255 1662; x_wconf 86' lang='lat' dir='ltr'>obscuraretur</span> <span class='ocrx_word' id='word_1_121' title='bbox 1271 1599 1367 1662; x_wconf 91' lang='lat' dir='ltr'>semi-</span> 
     </span>
     <span class='ocr_line' id='line_1_14' title="bbox 234 1705 390 1788; baseline 0.006 -20"><span class='ocrx_word' id='word_1_122' title='bbox 234 1705 390 1788; x_wconf 91' lang='lat' dir='ltr'>quinaria.</span> 
     </span>
    </p>

    <p class='ocr_par' dir='ltr' id='par_1_6' title="bbox 232 1803 1369 2613">
     <span class='ocr_line' id='line_1_15' title="bbox 320 1803 1369 1892; baseline -0.004 -22"><span class='ocrx_word' id='word_1_123' title='bbox 320 1807 424 1871; x_wconf 91' lang='lat' dir='ltr'>Multo</span> <span class='ocrx_word' id='word_1_124' title='bbox 455 1808 560 1871; x_wconf 90' lang='lat' dir='ltr'>rarius</span> <span class='ocrx_word' id='word_1_125' title='bbox 590 1809 689 1892; x_wconf 85' lang='lat' dir='ltr'>igitur</span> <span class='ocrx_word' id='word_1_126' title='bbox 719 1808 846 1892; x_wconf 91' lang='lat' dir='ltr'>priores</span> <span class='ocrx_word' id='word_1_127' title='bbox 878 1807 989 1870; x_wconf 91' lang='lat' dir='ltr'>theses</span> <span class='ocrx_word' id='word_1_128' title='bbox 1018 1806 1188 1870; x_wconf 89' lang='lat' dir='ltr'>elisionem</span> <span class='ocrx_word' id='word_1_129' title='bbox 1211 1803 1369 1868; x_wconf 86' lang='lat' dir='ltr'>exhibent</span> 
     </span>
     <span class='ocr_line' id='line_1_16' title="bbox 234 1906 1367 1995; baseline 0 -23"><span class='ocrx_word' id='word_1_130' title='bbox 234 1931 331 1995; x_wconf 90' lang='lat' dir='ltr'>quam</span> <span class='ocrx_word' id='word_1_131' title='bbox 365 1911 564 1995; x_wconf 89' lang='lat' dir='ltr'>posteriores</span> <span class='ocrx_word' id='word_1_132' title='bbox 573 1934 580 1985; x_wconf 95' lang='grc'><strong>;</strong></span> <span class='ocrx_word' id='word_1_133' title='bbox 618 1911 688 1974; x_wconf 89' lang='lat' dir='ltr'>sola</span> <span class='ocrx_word' id='word_1_134' title='bbox 718 1911 835 1975; x_wconf 88' lang='lat' dir='ltr'>vocula</span> <span class='ocrx_word' id='word_1_135' title='bbox 868 1908 896 1973; x_wconf 84' lang='lat' dir='ltr'>d’</span> <span class='ocrx_word' id='word_1_136' title='bbox 928 1909 1059 1994; x_wconf 90' lang='lat' dir='ltr'>saepius</span> <span class='ocrx_word' id='word_1_137' title='bbox 1089 1909 1122 1970; x_wconf 91' lang='lat' dir='ltr'>in</span> <span class='ocrx_word' id='word_1_138' title='bbox 1149 1907 1213 1971; x_wconf 94' lang='lat' dir='ltr'>illis</span> <span class='ocrx_word' id='word_1_139' title='bbox 1236 1906 1367 1991; x_wconf 86' lang='lat' dir='ltr'>legitur.</span> 
     </span>
     <span class='ocr_line' id='line_1_17' title="bbox 235 2007 1367 2099; baseline -0.002 -23"><span class='ocrx_word' id='word_1_140' title='bbox 235 2013 332 2099; x_wconf 83' lang='lat' dir='ltr'>Apud</span> <span class='ocrx_word' id='word_1_141' title='bbox 355 2014 508 2076; x_wconf 89' lang='lat' dir='ltr'>Nonnum</span> <span class='ocrx_word' id='word_1_142' title='bbox 537 2013 637 2077; x_wconf 91' lang='lat' dir='ltr'>etiam</span> <span class='ocrx_word' id='word_1_143' title='bbox 663 2013 922 2098; x_wconf 90' lang='lat' dir='ltr'>praepositiones</span> <span class='ocrx_word' id='word_1_144' title='bbox 951 2010 1005 2092; x_wconf 74' lang='grc' dir='ltr'><strong>δι’,</strong></span> <span class='ocrx_word' id='word_1_145' title='bbox 1028 2013 1110 2092; x_wconf 81' lang='grc' dir='ltr'><strong>κατ’,</strong></span> <span class='ocrx_word' id='word_1_146' title='bbox 1133 2011 1214 2094; x_wconf 79' lang='grc' dir='ltr'><strong><em>μετ’,</em></strong></span> <span class='ocrx_word' id='word_1_147' title='bbox 1236 2007 1295 2074; x_wconf 75' lang='grc' dir='ltr'>ὑπ’</span> <span class='ocrx_word' id='word_1_148' title='bbox 1320 2009 1367 2074; x_wconf 93' lang='lat' dir='ltr'>sie</span> 
     </span>
     <span class='ocr_line' id='line_1_18' title="bbox 235 2112 1367 2182; baseline -0.001 -3"><span class='ocrx_word' id='word_1_149' title='bbox 235 2115 441 2180; x_wconf 88' lang='lat' dir='ltr'>adhibentur.</span> <span class='ocrx_word' id='word_1_150' title='bbox 493 2112 537 2180; x_wconf 79' lang='grc' dir='ltr'>τέ</span> <span class='ocrx_word' id='word_1_151' title='bbox 571 2120 681 2182; x_wconf 89' lang='lat' dir='ltr'>autern</span> <span class='ocrx_word' id='word_1_152' title='bbox 714 2117 865 2180; x_wconf 84' lang='lat' dir='ltr'>voculam</span> <span class='ocrx_word' id='word_1_153' title='bbox 899 2137 919 2178; x_wconf 90' lang='lat' dir='ltr'>a</span> <span class='ocrx_word' id='word_1_154' title='bbox 947 2113 1156 2178; x_wconf 74' lang='lat' dir='ltr'>Christodoro</span> <span class='ocrx_word' id='word_1_155' title='bbox 1185 2119 1217 2177; x_wconf 93' lang='lat' dir='ltr'>et</span> <span class='ocrx_word' id='word_1_156' title='bbox 1244 2113 1367 2178; x_wconf 92' lang='lat' dir='ltr'>Ioanne</span> 
     </span>
     <span class='ocr_line' id='line_1_19' title="bbox 235 2216 1368 2302; baseline -0.004 -18"><span class='ocrx_word' id='word_1_157' title='bbox 235 2219 365 2284; x_wconf 83' lang='lat' dir='ltr'>Gazaeo</span> <span class='ocrx_word' id='word_1_158' title='bbox 392 2257 427 2265; x_wconf 89' lang='lat'><em>-</em></span> <span class='ocrx_word' id='word_1_159' title='bbox 453 2220 570 2282; x_wconf 89' lang='lat' dir='ltr'>mirum</span> <span class='ocrx_word' id='word_1_160' title='bbox 594 2218 683 2282; x_wconf 89' lang='lat' dir='ltr'>dictu</span> <span class='ocrx_word' id='word_1_161' title='bbox 712 2257 753 2266; x_wconf 89' lang='lat'>-—</span> <span class='ocrx_word' id='word_1_162' title='bbox 777 2219 905 2282; x_wconf 92' lang='lat' dir='ltr'>omnino</span> <span class='ocrx_word' id='word_1_163' title='bbox 937 2216 1103 2302; x_wconf 87' lang='lat' dir='ltr'>vitatam³)</span> <span class='ocrx_word' id='word_1_164' title='bbox 1138 2216 1275 2280; x_wconf 90' lang='lat' dir='ltr'>Nonnus</span> <span class='ocrx_word' id='word_1_165' title='bbox 1302 2238 1368 2280; x_wconf 93' lang='lat' dir='ltr'>non</span> 
     </span>
     <span class='ocr_line' id='line_1_20' title="bbox 235 2319 1366 2405; baseline -0.002 -20"><span class='ocrx_word' id='word_1_166' title='bbox 235 2321 327 2386; x_wconf 89' lang='lat' dir='ltr'>elidit</span> <span class='ocrx_word' id='word_1_167' title='bbox 349 2321 410 2385; x_wconf 93' lang='lat' dir='ltr'>nisi</span> <span class='ocrx_word' id='word_1_168' title='bbox 434 2322 466 2384; x_wconf 93' lang='lat' dir='ltr'>in</span> <span class='ocrx_word' id='word_1_169' title='bbox 493 2321 620 2384; x_wconf 79' lang='lat' dir='ltr'>assibus</span> <span class='ocrx_word' id='word_1_170' title='bbox 653 2327 709 2384; x_wconf 91' lang='lat' dir='ltr'>aut</span> <span class='ocrx_word' id='word_1_171' title='bbox 739 2321 773 2384; x_wconf 93' lang='lat' dir='ltr'>in</span> <span class='ocrx_word' id='word_1_172' title='bbox 803 2321 907 2385; x_wconf 87' lang='lat' dir='ltr'>altera</span> <span class='ocrx_word' id='word_1_173' title='bbox 929 2320 1015 2384; x_wconf 90' lang='lat' dir='ltr'>thesi</span> <span class='ocrx_word' id='word_1_174' title='bbox 1038 2320 1131 2405; x_wconf 89' lang='lat' dir='ltr'>pedis</span> <span class='ocrx_word' id='word_1_175' title='bbox 1146 2320 1205 2404; x_wconf 59' lang='lat' dir='ltr'>Li)</span> <span class='ocrx_word' id='word_1_176' title='bbox 1229 2319 1366 2384; x_wconf 83' lang='lat' dir='ltr'>Alienus</span> 
     </span>
     <span class='ocr_line' id='line_1_21' title="bbox 235 2423 1368 2509; baseline -0.003 -19"><span class='ocrx_word' id='word_1_177' title='bbox 235 2431 284 2490; x_wconf 91' lang='lat' dir='ltr'>est</span> <span class='ocrx_word' id='word_1_178' title='bbox 307 2426 348 2489; x_wconf 87' lang='lat' dir='ltr'>ab</span> <span class='ocrx_word' id='word_1_179' title='bbox 371 2425 433 2494; x_wconf 88' lang='lat' dir='ltr'>hoo</span> <span class='ocrx_word' id='word_1_180' title='bbox 456 2446 526 2503; x_wconf 89' lang='lat' dir='ltr'>usu,</span> <span class='ocrx_word' id='word_1_181' title='bbox 551 2429 587 2488; x_wconf 91' lang='lat' dir='ltr'>ut</span> <span class='ocrx_word' id='word_1_182' title='bbox 610 2423 761 2504; x_wconf 89' lang='lat' dir='ltr'>vidimus,</span> <span class='ocrx_word' id='word_1_183' title='bbox 784 2423 917 2503; x_wconf 85' lang='lat' dir='ltr'>Paulus,</span> <span class='ocrx_word' id='word_1_184' title='bbox 942 2425 997 2509; x_wconf 94' lang='lat' dir='ltr'>qui</span> <span class='ocrx_word' id='word_1_185' title='bbox 1020 2424 1104 2488; x_wconf 90' lang='lat' dir='ltr'>hano</span> <span class='ocrx_word' id='word_1_186' title='bbox 1128 2425 1311 2490; x_wconf 88' lang='lat' dir='ltr'>encliticam</span> <span class='ocrx_word' id='word_1_187' title='bbox 1335 2431 1368 2488; x_wconf 88' lang='lat' dir='ltr'>et</span> 
     </span>
     <span class='ocr_line' id='line_1_22' title="bbox 232 2527 1368 2613; baseline 0.001 -21"><span class='ocrx_word' id='word_1_188' title='bbox 232 2530 265 2592; x_wconf 92' lang='lat' dir='ltr'>iu</span> <span class='ocrx_word' id='word_1_189' title='bbox 281 2528 519 2613; x_wconf 90' lang='lat' dir='ltr'>posterioribus</span> <span class='ocrx_word' id='word_1_190' title='bbox 544 2533 576 2590; x_wconf 88' lang='lat' dir='ltr'>et</span> <span class='ocrx_word' id='word_1_191' title='bbox 598 2528 631 2590; x_wconf 91' lang='lat' dir='ltr'>in</span> <span class='ocrx_word' id='word_1_192' title='bbox 647 2527 806 2612; x_wconf 90' lang='lat' dir='ltr'>prioribus</span> <span class='ocrx_word' id='word_1_193' title='bbox 823 2527 971 2592; x_wconf 88' lang='lat' dir='ltr'>thesibus</span> <span class='ocrx_word' id='word_1_194' title='bbox 988 2529 1134 2612; x_wconf 86' lang='lat' dir='ltr'>quamvis</span> <span class='ocrx_word' id='word_1_195' title='bbox 1155 2549 1228 2592; x_wconf 89' lang='lat' dir='ltr'>raro</span> <span class='ocrx_word' id='word_1_196' title='bbox 1250 2528 1368 2613; x_wconf 91' lang='lat' dir='ltr'>posuit.</span> 
     </span>
    </p>

    <p class='ocr_par' dir='ltr' id='par_1_7' title="bbox 232 2630 1369 3026">
     <span class='ocr_line' id='line_1_23' title="bbox 319 2630 1369 2716; baseline 0 -22"><span class='ocrx_word' id='word_1_197' title='bbox 319 2637 348 2694; x_wconf 92' lang='grc'>4.</span> <span class='ocrx_word' id='word_1_198' title='bbox 384 2631 506 2695; x_wconf 90' lang='lat' dir='ltr'>Omnes</span> <span class='ocrx_word' id='word_1_199' title='bbox 529 2631 598 2694; x_wconf 86' lang='lat' dir='ltr'>fere</span> <span class='ocrx_word' id='word_1_200' title='bbox 614 2631 762 2708; x_wconf 89' lang='lat' dir='ltr'>hiatus,</span> <span class='ocrx_word' id='word_1_201' title='bbox 787 2631 840 2716; x_wconf 93' lang='lat' dir='ltr'>qui</span> <span class='ocrx_word' id='word_1_202' title='bbox 857 2631 985 2695; x_wconf 80' lang='lat' dir='ltr'>obviam</span> <span class='ocrx_word' id='word_1_203' title='bbox 1000 2632 1082 2695; x_wconf 90' lang='lat' dir='ltr'>fiunt</span> <span class='ocrx_word' id='word_1_204' title='bbox 1104 2633 1138 2694; x_wconf 94' lang='lat' dir='ltr'>in</span> <span class='ocrx_word' id='word_1_205' title='bbox 1154 2631 1248 2695; x_wconf 92' lang='lat' dir='ltr'>Pauli</span> <span class='ocrx_word' id='word_1_206' title='bbox 1262 2630 1369 2694; x_wconf 79' lang='lat' dir='ltr'>Silen-</span> 
     </span>
     <span class='ocr_line' id='line_1_24' title="bbox 232 2733 1368 2820; baseline 0.002 -24"><span class='ocrx_word' id='word_1_207' title='bbox 232 2735 319 2797; x_wconf 89' lang='lat' dir='ltr'>tiarii</span> <span class='ocrx_word' id='word_1_208' title='bbox 335 2733 546 2815; x_wconf 82' lang='lat' dir='ltr'>hexametris,</span> <span class='ocrx_word' id='word_1_209' title='bbox 563 2734 709 2798; x_wconf 92' lang='lat' dir='ltr'>eiusdem</span> <span class='ocrx_word' id='word_1_210' title='bbox 726 2736 856 2818; x_wconf 86' lang='lat' dir='ltr'>generis</span> <span class='ocrx_word' id='word_1_211' title='bbox 873 2742 959 2816; x_wconf 85' lang='lat' dir='ltr'>sunt,</span> <span class='ocrx_word' id='word_1_212' title='bbox 976 2736 1063 2820; x_wconf 93' lang='lat' dir='ltr'>quod</span> <span class='ocrx_word' id='word_1_213' title='bbox 1075 2735 1150 2799; x_wconf 88' lang='lat' dir='ltr'>inde</span> <span class='ocrx_word' id='word_1_214' title='bbox 1166 2737 1207 2800; x_wconf 91' lang='lat' dir='ltr'>ab</span> <span class='ocrx_word' id='word_1_215' title='bbox 1223 2735 1368 2800; x_wconf 89' lang='lat' dir='ltr'>Homero</span> 
     </span>
     <span class='ocr_line' id='line_1_25' title="bbox 234 2837 1368 2924; baseline 0.003 -23"><span class='ocrx_word' id='word_1_216' title='bbox 234 2839 341 2902; x_wconf 89' lang='lat' dir='ltr'>cuncti</span> <span class='ocrx_word' id='word_1_217' title='bbox 363 2843 482 2922; x_wconf 90' lang='lat' dir='ltr'>poetae</span> <span class='ocrx_word' id='word_1_218' title='bbox 506 2838 589 2923; x_wconf 90' lang='lat' dir='ltr'>epici</span> <span class='ocrx_word' id='word_1_219' title='bbox 611 2837 918 2923; x_wconf 88' lang='lat' dir='ltr'>frequentaverunt:</span> <span class='ocrx_word' id='word_1_220' title='bbox 943 2839 1167 2924; x_wconf 86' lang='lat' dir='ltr'>diphthongus</span> <span class='ocrx_word' id='word_1_221' title='bbox 1191 2845 1247 2904; x_wconf 90' lang='lat' dir='ltr'>aut</span> <span class='ocrx_word' id='word_1_222' title='bbox 1270 2841 1368 2923; x_wconf 86' lang='lat' dir='ltr'>longa</span> 
     </span>
     <span class='ocr_line' id='line_1_26' title="bbox 232 2940 1171 3026; baseline -0.001 -21"><span class='ocrx_word' id='word_1_223' title='bbox 232 2941 355 3005; x_wconf 77' lang='lat' dir='ltr'>vocalis</span> <span class='ocrx_word' id='word_1_224' title='bbox 378 2945 454 3004; x_wconf 92' lang='lat' dir='ltr'>ante</span> <span class='ocrx_word' id='word_1_225' title='bbox 478 2940 623 3003; x_wconf 82' lang='lat' dir='ltr'>vocalem</span> <span class='ocrx_word' id='word_1_226' title='bbox 648 2941 817 3024; x_wconf 89' lang='lat' dir='ltr'>sequentis</span> <span class='ocrx_word' id='word_1_227' title='bbox 840 2941 932 3006; x_wconf 90' lang='lat' dir='ltr'>verbi</span> <span class='ocrx_word' id='word_1_228' title='bbox 954 2941 1171 3026; x_wconf 90' lang='lat' dir='ltr'>corripiuntur</span> 
     </span>
    </p>

    <p class='ocr_par' dir='ltr' id='par_1_8' title="bbox 319 3043 1093 3129">
     <span class='ocr_line' id='line_1_27' title="bbox 319 3043 1093 3129; baseline 0 -21"><span class='ocrx_word' id='word_1_229' title='bbox 319 3064 348 3110; x_wconf 88' lang='lat' dir='ltr'>a.</span> <span class='ocrx_word' id='word_1_230' title='bbox 371 3044 404 3106; x_wconf 94' lang='lat' dir='ltr'>in</span> <span class='ocrx_word' id='word_1_231' title='bbox 427 3044 655 3128; x_wconf 90' lang='lat' dir='ltr'>posteriore</span> <span class='ocrx_word' id='word_1_232' title='bbox 680 3043 803 3129; x_wconf 87' lang='lat' dir='ltr'>dactyli</span> <span class='ocrx_word' id='word_1_233' title='bbox 824 3045 935 3108; x_wconf 87' lang='lat' dir='ltr'>brevi</span> <span class='ocrx_word' id='word_1_234' title='bbox 958 3044 1093 3129; x_wconf 88' lang='lat' dir='ltr'>syllaba.</span> 
     </span>
    </p>

    <p class='ocr_par' dir='ltr' id='par_1_9' title="bbox 232 3147 1367 3859">
     <span class='ocr_line' id='line_1_28' title="bbox 318 3147 1365 3234; baseline 0.003 -23"><span class='ocrx_word' id='word_1_235' title='bbox 318 3147 409 3212; x_wconf 91' lang='lat' dir='ltr'>Inter</span> <span class='ocrx_word' id='word_1_236' title='bbox 434 3150 494 3213; x_wconf 85' lang='lat'>185</span> <span class='ocrx_word' id='word_1_237' title='bbox 525 3149 611 3213; x_wconf 91' lang='lat' dir='ltr'>euim</span> <span class='ocrx_word' id='word_1_238' title='bbox 638 3149 748 3212; x_wconf 88' lang='lat' dir='ltr'>hiatus</span> <span class='ocrx_word' id='word_1_239' title='bbox 776 3151 835 3212; x_wconf 83' lang='grc'>176</span> <span class='ocrx_word' id='word_1_240' title='bbox 858 3149 955 3214; x_wconf 90' lang='lat' dir='ltr'>huius</span> <span class='ocrx_word' id='word_1_241' title='bbox 979 3150 1111 3234; x_wconf 83' lang='lat' dir='ltr'>generis</span> <span class='ocrx_word' id='word_1_242' title='bbox 1134 3149 1167 3212; x_wconf 94' lang='lat' dir='ltr'>in</span> <span class='ocrx_word' id='word_1_243' title='bbox 1190 3147 1286 3212; x_wconf 91' lang='lat' dir='ltr'>Pauli</span> <span class='ocrx_word' id='word_1_244' title='bbox 1309 3148 1365 3214; x_wconf 92' lang='lat' dir='ltr'>de-</span> 
     </span>
     <span class='ocr_line' id='line_1_29' title="bbox 234 3252 1367 3339; baseline -0.001 -21"><span class='ocrx_word' id='word_1_245' title='bbox 234 3252 409 3338; x_wconf 91' lang='lat' dir='ltr'>scriptione</span> <span class='ocrx_word' id='word_1_246' title='bbox 438 3253 635 3334; x_wconf 85' lang='lat' dir='ltr'>invenimus,</span> <span class='ocrx_word' id='word_1_247' title='bbox 667 3253 722 3337; x_wconf 94' lang='lat' dir='ltr'>qui</span> <span class='ocrx_word' id='word_1_248' title='bbox 744 3253 929 3318; x_wconf 89' lang='lat' dir='ltr'>efficiuntur</span> <span class='ocrx_word' id='word_1_249' title='bbox 952 3253 1087 3339; x_wconf 84' lang='lat' dir='ltr'>syllabis</span> <span class='ocrx_word' id='word_1_250' title='bbox 1111 3278 1156 3334; x_wconf 85' lang='grc' dir='ltr'>αι,</span> <span class='ocrx_word' id='word_1_251' title='bbox 1181 3276 1222 3334; x_wconf 85' lang='grc' dir='ltr'><strong>οι,</strong></span> <span class='ocrx_word' id='word_1_252' title='bbox 1238 3277 1277 3333; x_wconf 86' lang='grc' dir='ltr'>ει,</span> <span class='ocrx_word' id='word_1_253' title='bbox 1295 3277 1367 3339; x_wconf 83' lang='grc' dir='ltr'>ω,η</span> 
     </span>
     <span class='ocr_line' id='line_1_30' title="bbox 233 3356 1366 3442; baseline -0.002 -20"><span class='ocrx_word' id='word_1_254' title='bbox 233 3357 400 3442; x_wconf 89' lang='lat' dir='ltr'>correptis.</span> <span class='ocrx_word' id='word_1_255' title='bbox 423 3393 463 3404; x_wconf 86' lang='grc'><strong>-</strong></span> <span class='ocrx_word' id='word_1_256' title='bbox 488 3380 533 3420; x_wconf 88' lang='grc' dir='ltr'><strong>αι</strong></span> <span class='ocrx_word' id='word_1_257' title='bbox 556 3357 733 3442; x_wconf 88' lang='lat' dir='ltr'>praecipue</span> <span class='ocrx_word' id='word_1_258' title='bbox 763 3356 1018 3442; x_wconf 89' lang='lat' dir='ltr'>deprehenditur</span> <span class='ocrx_word' id='word_1_259' title='bbox 1040 3378 1112 3421; x_wconf 88' lang='lat' dir='ltr'>curu</span> <span class='ocrx_word' id='word_1_260' title='bbox 1136 3357 1170 3420; x_wconf 94' lang='lat' dir='ltr'>in</span> <span class='ocrx_word' id='word_1_261' title='bbox 1194 3357 1366 3422; x_wconf 87' lang='lat' dir='ltr'>verborum</span> 
     </span>
     <span class='ocr_line' id='line_1_31' title="bbox 232 3456 1367 3546; baseline 0 -22"><span class='ocrx_word' id='word_1_262' title='bbox 232 3460 344 3525; x_wconf 88' lang='lat' dir='ltr'>formis</span> <span class='ocrx_word' id='word_1_263' title='bbox 368 3459 440 3546; x_wconf 94' lang='grc'>(82)</span> <span class='ocrx_word' id='word_1_264' title='bbox 473 3465 542 3524; x_wconf 92' lang='lat' dir='ltr'>tum</span> <span class='ocrx_word' id='word_1_265' title='bbox 570 3461 602 3523; x_wconf 92' lang='lat' dir='ltr'>in</span> <span class='ocrx_word' id='word_1_266' title='bbox 637 3460 800 3545; x_wconf 89' lang='lat' dir='ltr'>particula</span> <span class='ocrx_word' id='word_1_267' title='bbox 825 3456 884 3526; x_wconf 83' lang='grc' dir='ltr'>καί</span> <span class='ocrx_word' id='word_1_268' title='bbox 901 3460 994 3545; x_wconf 87' lang='grc'>(85);</span> <span class='ocrx_word' id='word_1_269' title='bbox 1022 3460 1183 3525; x_wconf 86' lang='lat' dir='ltr'>adiectiva</span> <span class='ocrx_word' id='word_1_270' title='bbox 1209 3482 1275 3525; x_wconf 92' lang='lat' dir='ltr'>non</span> <span class='ocrx_word' id='word_1_271' title='bbox 1305 3461 1367 3524; x_wconf 91' lang='lat' dir='ltr'>nisi</span> 
     </span>
     <span class='ocr_line' id='line_1_32' title="bbox 233 3557 1365 3650; baseline 0 -23"><span class='ocrx_word' id='word_1_272' title='bbox 233 3564 296 3628; x_wconf 94' lang='lat' dir='ltr'>duo</span> <span class='ocrx_word' id='word_1_273' title='bbox 319 3557 471 3648; x_wconf 73' lang='grc' dir='ltr'>(ἀθρόαι,</span> <span class='ocrx_word' id='word_1_274' title='bbox 488 3559 648 3642; x_wconf 76' lang='grc' dir='ltr'><strong><em>ἐναντίαι)</em></strong></span> <span class='ocrx_word' id='word_1_275' title='bbox 671 3565 803 3629; x_wconf 88' lang='lat' dir='ltr'>finalem</span> <span class='ocrx_word' id='word_1_276' title='bbox 820 3565 978 3650; x_wconf 89' lang='lat' dir='ltr'>syllabam</span> <span class='ocrx_word' id='word_1_277' title='bbox 995 3570 1177 3650; x_wconf 86' lang='lat' dir='ltr'>correptam</span> <span class='ocrx_word' id='word_1_278' title='bbox 1195 3563 1365 3650; x_wconf 88' lang='lat' dir='ltr'>praebent.</span> 
     </span>
     <span class='ocr_line' id='line_1_33' title="bbox 233 3662 1367 3752; baseline 0.002 -22"><span class='ocrx_word' id='word_1_279' title='bbox 233 3703 274 3714; x_wconf 93' lang='lat'><em>-</em></span> <span class='ocrx_word' id='word_1_280' title='bbox 298 3689 337 3730; x_wconf 87' lang='grc' dir='ltr'><strong>οι</strong></span> <span class='ocrx_word' id='word_1_281' title='bbox 360 3666 559 3750; x_wconf 85' lang='lat' dir='ltr'>diphthongo</span> <span class='ocrx_word' id='word_1_282' title='bbox 576 3667 745 3750; x_wconf 91' lang='lat' dir='ltr'>quinquies</span> <span class='ocrx_word' id='word_1_283' title='bbox 769 3667 896 3731; x_wconf 86' lang='lat' dir='ltr'>exsistit</span> <span class='ocrx_word' id='word_1_284' title='bbox 923 3667 976 3731; x_wconf 94' lang='lat' dir='ltr'>hic</span> <span class='ocrx_word' id='word_1_285' title='bbox 999 3667 1122 3732; x_wconf 92' lang='lat' dir='ltr'>hiatus:</span> <span class='ocrx_word' id='word_1_286' title='bbox 1146 3662 1206 3749; x_wconf 85' lang='grc' dir='ltr'><strong>μοι’</strong></span> <span class='ocrx_word' id='word_1_287' title='bbox 1230 3667 1288 3752; x_wconf 89' lang='grc'>(3).</span> <span class='ocrx_word' id='word_1_288' title='bbox 1312 3664 1367 3732; x_wconf 81' lang='lat' dir='ltr'>ooc&#39;</span> 
     </span>
     <span class='ocr_line' id='line_1_34' title="bbox 233 3762 1365 3859; baseline -0.001 -24"><span class='ocrx_word' id='word_1_289' title='bbox 233 3769 294 3856; x_wconf 90' lang='grc'>(1).</span> <span class='ocrx_word' id='word_1_290' title='bbox 317 3762 423 3834; x_wconf 69' lang='lat' dir='ltr'>dracoi</span> <span class='ocrx_word' id='word_1_291' title='bbox 446 3769 504 3853; x_wconf 92' lang='grc'>(1).</span> <span class='ocrx_word' id='word_1_292' title='bbox 533 3805 575 3816; x_wconf 90' lang='grc'><strong>-</strong></span> <span class='ocrx_word' id='word_1_293' title='bbox 602 3768 752 3854; x_wconf 92' lang='lat' dir='ltr'>Denique</span> <span class='ocrx_word' id='word_1_294' title='bbox 785 3770 929 3856; x_wconf 86' lang='lat' dir='ltr'>syllabas</span> <span class='ocrx_word' id='word_1_295' title='bbox 952 3794 991 3851; x_wconf 82' lang='grc' dir='ltr'>ει,</span> <span class='ocrx_word' id='word_1_296' title='bbox 1015 3794 1052 3852; x_wconf 88' lang='grc' dir='ltr'>ω,</span> <span class='ocrx_word' id='word_1_297' title='bbox 1075 3763 1097 3859; x_wconf 77' lang='grc' dir='ltr'><em>ἤ</em></span> <span class='ocrx_word' id='word_1_298' title='bbox 1120 3771 1223 3835; x_wconf 91' lang='lat' dir='ltr'>semel</span> <span class='ocrx_word' id='word_1_299' title='bbox 1244 3770 1365 3834; x_wconf 88' lang='lat' dir='ltr'>Paulus</span> 
     </span>
    </p>
   </div>
   <div class='ocr_carea' id='block_1_5' title="bbox 231 3957 1366 4378">
    <p class='ocr_par' dir='ltr' id='par_1_10' title="bbox 321 3957 1131 4029">
     <span class='ocr_line' id='line_1_35' title="bbox 321 3957 1131 4029; baseline 0.001 -16"><span class='ocrx_word' id='word_1_300' title='bbox 321 3961 341 4028; x_wconf 86' lang='lat'>¹)</span> <span class='ocrx_word' id='word_1_301' title='bbox 361 3958 400 4013; x_wconf 80' lang='lat' dir='ltr'>of.</span> <span class='ocrx_word' id='word_1_302' title='bbox 419 3957 505 4012; x_wconf 86' lang='lat' dir='ltr'>etiam</span> <span class='ocrx_word' id='word_1_303' title='bbox 522 3957 665 4012; x_wconf 84' lang='lat' dir='ltr'>Ludwioh.</span> <span class='ocrx_word' id='word_1_304' title='bbox 683 3959 754 4013; x_wconf 80' lang='lat' dir='ltr'>Mur.</span> <span class='ocrx_word' id='word_1_305' title='bbox 772 3959 824 4013; x_wconf 81' lang='lat' dir='ltr'>lib.</span> <span class='ocrx_word' id='word_1_306' title='bbox 843 3959 948 4014; x_wconf 85' lang='lat' dir='ltr'>XXXV</span> <span class='ocrx_word' id='word_1_307' title='bbox 965 3978 992 4029; x_wconf 93' lang='lat' dir='ltr'>p.</span> <span class='ocrx_word' id='word_1_308' title='bbox 1005 3960 1058 4014; x_wconf 88' lang='lat'>500</span> <span class='ocrx_word' id='word_1_309' title='bbox 1072 3977 1131 4028; x_wconf 89' lang='lat' dir='ltr'>sqq.</span> 
     </span>
    </p>

    <p class='ocr_par' dir='ltr' id='par_1_11' title="bbox 231 4040 1366 4203">
     <span class='ocr_line' id='line_1_36' title="bbox 320 4040 1366 4118; baseline 0.002 -19"><span class='ocrx_word' id='word_1_310' title='bbox 320 4047 341 4114; x_wconf 82' lang='lat'>²)</span> <span class='ocrx_word' id='word_1_311' title='bbox 361 4045 416 4100; x_wconf 78' lang='lat' dir='ltr'>Gur</span> <span class='ocrx_word' id='word_1_312' title='bbox 428 4043 551 4099; x_wconf 84' lang='lat' dir='ltr'>Graefius</span> <span class='ocrx_word' id='word_1_313' title='bbox 564 4045 654 4098; x_wconf 85' lang='grc'>11122</span> <span class='ocrx_word' id='word_1_314' title='bbox 671 4045 773 4099; x_wconf 90' lang='lat' dir='ltr'>codicis</span> <span class='ocrx_word' id='word_1_315' title='bbox 785 4045 934 4100; x_wconf 89' lang='lat' dir='ltr'>lectionem</span> <span class='ocrx_word' id='word_1_316' title='bbox 952 4044 981 4105; x_wconf 83' lang='grc' dir='ltr'>ἓξ</span> <span class='ocrx_word' id='word_1_317' title='bbox 992 4045 1047 4118; x_wconf 73' lang='grc' dir='ltr'>γάρ</span> <span class='ocrx_word' id='word_1_318' title='bbox 1066 4046 1111 4098; x_wconf 72' lang='grc' dir='ltr'>ὑπ’</span> <span class='ocrx_word' id='word_1_319' title='bbox 1131 4040 1206 4116; x_wconf 66' lang='lat' dir='ltr'>atrro</span> <span class='ocrx_word' id='word_1_320' title='bbox 1217 4045 1366 4101; x_wconf 82' lang='lat' dir='ltr'>eorrexerit</span> 
     </span>
     <span class='ocr_line' id='line_1_37' title="bbox 231 4129 950 4203; baseline -0.003 -13"><span class='ocrx_word' id='word_1_321' title='bbox 231 4136 261 4190; x_wconf 93' lang='lat' dir='ltr'>in</span> <span class='ocrx_word' id='word_1_322' title='bbox 280 4133 309 4194; x_wconf 80' lang='grc' dir='ltr'>ἓξ</span> <span class='ocrx_word' id='word_1_323' title='bbox 328 4133 352 4186; x_wconf 61' lang='lat' dir='ltr'>d*</span> <span class='ocrx_word' id='word_1_324' title='bbox 371 4129 413 4203; x_wconf 72' lang='grc' dir='ltr'>ἄρ’</span> <span class='ocrx_word' id='word_1_325' title='bbox 432 4133 478 4186; x_wconf 83' lang='lat' dir='ltr'>o‘n&#39;</span> <span class='ocrx_word' id='word_1_326' title='bbox 498 4129 583 4187; x_wconf 73' lang='lat' dir='ltr'>crisci</span> <span class='ocrx_word' id='word_1_327' title='bbox 602 4133 729 4202; x_wconf 88' lang='lat' dir='ltr'>equidem</span> <span class='ocrx_word' id='word_1_328' title='bbox 748 4135 843 4189; x_wconf 89' lang='lat' dir='ltr'>nullus</span> <span class='ocrx_word' id='word_1_329' title='bbox 861 4134 950 4189; x_wconf 85' lang='lat' dir='ltr'>video.</span> 
     </span>
    </p>

    <p class='ocr_par' dir='ltr' id='par_1_12' title="bbox 231 4219 1365 4378">
     <span class='ocr_line' id='line_1_38' title="bbox 320 4219 1365 4291; baseline 0.001 -15"><span class='ocrx_word' id='word_1_330' title='bbox 320 4223 341 4291; x_wconf 75' lang='grc'>8)</span> <span class='ocrx_word' id='word_1_331' title='bbox 360 4221 399 4276; x_wconf 82' lang='lat' dir='ltr'>of.</span> <span class='ocrx_word' id='word_1_332' title='bbox 424 4220 565 4275; x_wconf 86' lang='lat' dir='ltr'>Ludwioh.</span> <span class='ocrx_word' id='word_1_333' title='bbox 590 4221 677 4274; x_wconf 84' lang='lat' dir='ltr'>Bettr.</span> <span class='ocrx_word' id='word_1_334' title='bbox 699 4239 726 4290; x_wconf 90' lang='lat' dir='ltr'>p.</span> <span class='ocrx_word' id='word_1_335' title='bbox 742 4221 784 4276; x_wconf 83' lang='lat'>33.</span> <span class='ocrx_word' id='word_1_336' title='bbox 830 4221 939 4275; x_wconf 90' lang='lat' dir='ltr'>Primus</span> <span class='ocrx_word' id='word_1_337' title='bbox 963 4220 998 4274; x_wconf 92' lang='lat' dir='ltr'>de</span> <span class='ocrx_word' id='word_1_338' title='bbox 1020 4219 1104 4274; x_wconf 87' lang='lat' dir='ltr'>huius</span> <span class='ocrx_word' id='word_1_339' title='bbox 1131 4219 1286 4289; x_wconf 85' lang='lat' dir='ltr'>particulae</span> <span class='ocrx_word' id='word_1_340' title='bbox 1313 4239 1365 4276; x_wconf 89' lang='lat' dir='ltr'>usn</span> 
     </span>
     <span class='ocr_line' id='line_1_39' title="bbox 231 4307 1008 4378; baseline -0.003 -14"><span class='ocrx_word' id='word_1_341' title='bbox 231 4309 382 4364; x_wconf 89' lang='lat' dir='ltr'>Nonniano</span> <span class='ocrx_word' id='word_1_342' title='bbox 401 4309 461 4378; x_wconf 84' lang='lat' dir='ltr'>egit</span> <span class='ocrx_word' id='word_1_343' title='bbox 479 4307 609 4362; x_wconf 89' lang='lat' dir='ltr'>Lehrsius</span> <span class='ocrx_word' id='word_1_344' title='bbox 628 4325 675 4376; x_wconf 88' lang='lat' dir='ltr'>qu.</span> <span class='ocrx_word' id='word_1_345' title='bbox 694 4307 763 4376; x_wconf 83' lang='lat' dir='ltr'>spic.</span> <span class='ocrx_word' id='word_1_346' title='bbox 782 4307 822 4362; x_wconf 86' lang='lat' dir='ltr'>IV</span> <span class='ocrx_word' id='word_1_347' title='bbox 840 4327 867 4378; x_wconf 92' lang='lat' dir='ltr'>p.</span> <span class='ocrx_word' id='word_1_348' title='bbox 879 4308 931 4362; x_wconf 88' lang='grc'>294</span> <span class='ocrx_word' id='word_1_349' title='bbox 949 4325 1008 4377; x_wconf 90' lang='lat' dir='ltr'>sqq.</span> 
     </span>
    </p>
   </div>
   <div class='ocr_carea' id='block_1_6' title="bbox 321 4394 805 4466">
    <p class='ocr_par' dir='ltr' id='par_1_13' title="bbox 321 4394 805 4466">
     <span class='ocr_line' id='line_1_40' title="bbox 321 4394 805 4466; baseline -0.014 -13"><span class='ocrx_word' id='word_1_350' title='bbox 321 4397 342 4466; x_wconf 77' lang='lat'>⁴)</span> <span class='ocrx_word' id='word_1_351' title='bbox 361 4396 400 4452; x_wconf 85' lang='lat' dir='ltr'>of.</span> <span class='ocrx_word' id='word_1_352' title='bbox 419 4395 560 4451; x_wconf 81' lang='lat' dir='ltr'>Ludwich.</span> <span class='ocrx_word' id='word_1_353' title='bbox 580 4395 599 4450; x_wconf 88' lang='lat'>1.</span> <span class='ocrx_word' id='word_1_354' title='bbox 616 4395 634 4450; x_wconf 90' lang='lat'>1.</span> <span class='ocrx_word' id='word_1_355' title='bbox 653 4411 681 4465; x_wconf 81' lang='lat' dir='ltr'>p.</span> <span class='ocrx_word' id='word_1_356' title='bbox 695 4394 728 4448; x_wconf 82' lang='lat' dir='ltr'>aa</span> <span class='ocrx_word' id='word_1_357' title='bbox 746 4411 805 4464; x_wconf 74' lang='lat' dir='ltr'>sqq.</span> 
     </span>
    </p>
   </div>
   <div class='ocr_carea' id='block_1_7' title="bbox 0 0 1616 4946">
    <p class='ocr_par' dir='ltr' id='par_1_14' title="bbox 0 0 1616 4946">
     <span class='ocr_line' id='line_1_41' title="bbox 0 0 1616 4946; baseline 0 0"><span class='ocrx_word' id='word_1_358' title='bbox 0 0 1616 4946; x_wconf 95' lang='lat' dir='ltr'> </span> 
     </span>
    </p>
   </div>
  </div>
 </body>
</html>
