3252 4954
731 247 945 310 ..32-

422 413 576 504 άργορὲην
599 409 716 481 ἀκτῖνα
737 414 795 482 καὶ
826 409 863 482 ού
887 412 995 505 φλόγα
1017 412 1114 505 κηρὸς
1137 413 1252 484 ἰάλλει.

266 517 369 583 Porro
393 520 433 584 oi.
458 541 488 586 a.
504 523 545 585 86
556 542 621 606 sq.:
643 515 682 586 ad
706 518 735 584 d’
759 515 871 606 ένερθε
892 517 1035 610 λαχήνας
1063 517 1227 605 λαοσόμος
1252 519 1406 610 κοίληνεν.

267 630 324 687 aut
351 627 425 688 179:
449 618 546 710 γυρδν
561 619 783 710 εὐγνάμιτεοιο
798 619 1009 710 καλαύροπος
1024 616 1111 704 εἶδος
1123 621 1270 692 ἑλίσσων.

267 744 399 831 Optime
431 751 542 810 autem
572 767 616 810 ex
645 746 795 811 ambonis
826 768 923 812 versu
947 750 1009 810 242
1026 768 1073 833 sq.
1104 753 1285 813 tumentem
1308 749 1404 813 Pauli

266 851 446 914 orationem
470 851 719 935 cognoscimus:

568 963 758 1060 ἀμβολάδην
780 997 831 1052 τις
854 965 1039 1058 ἀμοιβαδὸν
1061 965 1157 1050 ὁλκὸς
1179 968 1317 1038 ἑλίσσων

428 1067 567 1160 ἀγκύλον
588 1070 769 1163 ἑρποσσῆρι
792 1071 903 1163 δρόμῳ
927 1071 1095 1162 σπείρημα
1117 1071 1269 1141 κυλίνδει.

352 1212 413 1276 His
442 1219 553 1277 autem
581 1213 759 1298 pleonasmi
788 1213 949 1299 exemplis
982 1213 1046 1276 alie
1079 1234 1208 1298 quoque
1237 1213 1403 1298 adponere

265 1317 379 1396 liceat,
412 1337 455 1381 ex
482 1317 600 1402 quibus
630 1338 695 1381 non
724 1317 832 1380 minus
861 1321 1020 1402 appareat
1049 1315 1144 1380 Pauli
1171 1316 1273 1380 oratio
1303 1340 1404 1403 supra

265 1419 396 1484 modum
411 1422 581 1484 exsultans
598 1425 631 1485 et
652 1421 868 1506 superfluens.
893 1421 933 1485 ef.
955 1419 1025 1484 13:
1043 1414 1260 1507 καναχήποδα
1274 1415 1403 1508 ῥυθμὸν

266 1515 400 1608 ἀράσσω
425 1529 571 1603 (carmen
595 1521 733 1609 canam).
778 1523 831 1587 Io
851 1545 913 1609 sq.:
946 1525 1053 1588 omnia
1075 1523 1224 1589 aedificia
1248 1531 1401 1609 superata

266 1647 339 1691 esse
363 1626 454 1692 aedis
478 1629 651 1692 maiestate
673 1628 725 1692 his
749 1629 914 1713 expressit
936 1634 1035 1713 poeta
1057 1626 1182 1692 verbis:

931 1734 1048 1834 ᾦύπδ
1070 1741 1180 1834 μούνῳ

368 1853 437 1917 πᾶν
459 1850 551 1932 κλέος
572 1846 761 1939 ὑψορόφοιο
783 1845 974 1918 καιώκλασε
995 1848 1152 1917 θέσκελον
1174 1847 1277 1939 ἔργον.

264 1973 327 2038 146
343 1997 390 2060 sq.
400 1975 612 2040 translatione
628 1975 723 2039 nimis
739 1974 904 2040 adfectata
916 1977 1018 2040 utitur
1028 1976 1161 2058 Paulus,
1175 1999 1249 2042 eum
1260 1980 1405 2044 laetitias

265 2077 408 2142 restituti
425 2078 537 2164 templi
553 2084 699 2143 veterem
716 2077 862 2144 dolorem
875 2081 1007 2144 omnino
1024 2081 1223 2148 exstinxisse
1240 2083 1286 2146 sio
1299 2081 1402 2146 dieat:

577 2192 725 2284 μεγάλων
747 2193 807 2285 γὰρ
830 2197 1027 2287 ἐπερχομένη
1049 2195 1143 2288 χάρις
1165 2196 1265 2287 έργων

420 2296 595 2389 Ληθαίοις
617 2295 762 2386 ἐκάλυψε
783 2300 932 2390 κατηφέα
954 2301 1069 2390 κέντρα
1093 2301 1250 2391 ῥεέθροις.

266 2438 360 2503 Adde
383 2460 414 2504 v.
433 2441 507 2502 104:
532 2430 668 2525 ἀγλαΐης
689 2432 807 2526 θημών
830 2437 981 2523 (acervus
1006 2441 1215 2527 splendoris).
1237 2481 1270 2489 -
1292 2465 1322 2509 v.
1343 2448 1402 2508 127

264 2543 440 2628 imperator
468 2562 534 2605 non
563 2542 770 2628 exspectavit
797 2542 986 2607 comitatum
1010 2543 1211 2609 delectorum
1234 2547 1402 2628 iuvenum,

265 2647 320 2730 qui
343 2647 452 2730 nigras
477 2645 624 2731 crepidas
647 2645 837 2731 gestabant:

421 2757 457 2831 ού
482 2762 621 2852 στρατὸν
642 2758 793 2855 ἠνορέῃσι
816 2764 1014 2851 κεκασμένον
1036 2761 1179 2847 εύποδος
1200 2763 1282 2858 ἥβης

420 2865 600 2957 σύνδρομον
622 2862 778 2936 εύόνιλοιο
800 2864 1049 2958 μελαγκρήνιιδα
1072 2867 1239 2938 κελεύθου.

263 3007 316 3072 Ex
340 3008 484 3074 seeundo
508 3008 592 3072 libro
616 3008 698 3073 haee
719 3009 790 3073 sola
806 3009 980 3094 eligantur.
1024 3009 1155 3074 11201:
1179 3009 1333 3074 Fortasse
1356 3033 1398 3076 ne

264 3113 349 3177 alter
372 3113 503 3197 quidem
520 3113 683 3177 Homerus
705 3133 903 3177 marmorum
920 3114 1112 3210 varietatem
1128 3114 1262 3179 laudare
1279 3115 1400 3200 possit:

365 3249 422 3317 καὶ
445 3247 496 3330 τίς
518 3245 745 3338 ε’ριγδούποισι
766 3245 873 3333 χανὼν
895 3245 1110 3335 στομάσεσσιν
1129 3245 1276 3340 Ὁμήρου

365 3353 574 3443 μαρμαρέοος
596 3355 757 3439 λειμῶνας
779 3347 1016 3434 ἀολλισθένσας
1038 3347 1158 3437 ἀείσας
1181 3356 1248 3421 κτλ.

262 3495 296 3558 in
318 3517 349 3560 v.
366 3497 428 3558 374
462 3495 586 3558 Paulus
617 3498 748 3557 sanetas
775 3493 903 3558 litteras
925 3495 1079 3582 καθαρῆς
1101 3488 1261 3580 ἐγκύμονα
1284 3487 1401 3581 ῥύερης

263 3593 378 3682 βίβλον
391 3598 545 3662 nominat.
579 3596 632 3660 Ex
645 3596 784 3660 ambone
801 3597 862 3660 hoo
880 3597 983 3661 solum
997 3619 1055 3683 pro
1070 3598 1182 3661 multis
1198 3597 1400 3683 deprompsi;

263 3704 295 3766 in
320 3702 421 3790 praei.
444 3723 474 3767 u.
492 3703 532 3766 20
562 3705 693 3766 nantum
720 3706 840 3786 poetae
864 3695 994 3788 λογικὴν
1016 3693 1139 3788 ἀηδόνα
1162 3701 1307 3790 appellat
1330 3699 1397 3785 By-

263 3809 414 3873 zantinus
437 3812 560 3872 noster.

350 3927 415 3992 Sed
446 3927 512 3992 iam
540 3925 639 4000 satis;
667 3923 743 4010 quia
771 3925 866 4008 plura
892 3922 1063 3988 additurus
1093 3924 1234 3989 fortasse
1264 3924 1401 3988 nimium

263 4033 356 4096 vobis
379 4031 511 4096 dedisse
541 4029 686 4094 videbor.
732 4027 857 4092 Verum
890 4027 970 4092 talia
993 4029 1176 4092 eommunia
1199 4033 1274 4092 sunt
1296 4028 1400 4092 Paulo

263 4134 336 4198 oum
364 4141 531 4200 extremae
559 4133 677 4198 aetatis
709 4132 816 4217 poetis
840 4131 1004 4214 omnibus,
1036 4133 1091 4217 qui
1114 4132 1223 4197 Nonni
1248 4133 1400 4218 spiritum

263 4240 472 4304 anhelantem
506 4237 623 4302 imitati
653 4241 737 4302 sunt.
791 4233 891 4300 Ouius
922 4237 1082 4318 earmina,
1114 4244 1151 4302 ut
1180 4257 1254 4300 oum
1284 4236 1400 4301 Tacito

263 4346 391 4430 loquar,
419 4346 492 4430 plus
522 4345 644 4410 habent
672 4341 796 4423 earnis,
828 4364 925 4427 quam
952 4347 1131 4432 sanguinis.
1183 4341 1257 4406 Hoo
1288 4347 1402 4424 autem?
