3252 4954
722 327 1009 410 -11--Ι

240 498 463 579 instituitur,
493 498 593 562 stulto
627 519 706 562 sanc
734 497 830 563 modo
859 498 1073 584 interrupisse
1098 497 1285 582 arbitror¹).
1336 499 1401 564 Sed

263 607 372 665 utrum
396 623 431 666 rc
447 622 527 666 vera
543 601 710 666 auditores
727 623 770 666 ex
785 602 993 688 imperatoris
1008 601 1129 686 palatio
1145 602 1179 664 in
1193 602 1399 687 patriarchae

265 704 396 768 domum
419 705 649 790 migraverint,
679 727 721 769 an
744 706 868 770 Paulus
891 709 1062 791 poctarum
1084 705 1215 769 licentia
1238 727 1317 768 usus
1340 707 1400 770 hoc

265 809 413 889 finxerit,
444 817 480 873 ut
516 809 718 894 vegetiorem
746 808 899 874 redderet
922 808 1072 872 carminis
1095 813 1258 889 tenorem,
1282 809 1343 874 hac
1367 811 1401 873 in

265 934 301 977 re
325 911 542 977 discernenda
565 912 715 997 equidem
740 934 872 998 operam
895 933 961 976 non
984 911 1130 997 perdam.

350 1015 389 1080 In
417 1016 543 1102 primo
570 1015 667 1100 igitur
695 1016 777 1080 libro
805 1015 845 1080 de
870 1016 1055 1080 calamitate
1085 1013 1176 1079 aedis
1200 1036 1299 1101 supra
1324 1037 1400 1079 nar·

264 1126 335 1185 rata
365 1125 397 1184 et
427 1120 467 1184 de
500 1120 667 1184 encaeniis
693 1119 846 1184 secundis
876 1119 999 1183 Paulus
1027 1119 1115 1184 dicit.
1170 1117 1267 1182 Initio
1290 1125 1399 1183 autem

266 1225 417 1289 carminis
441 1224 579 1288 servatis
603 1223 708 1288 modis
730 1223 847 1309 prioris
869 1223 1083 1307 praefationis
1106 1223 1225 1286 iteruin
1243 1222 1399 1287 Iustinia-

264 1349 341 1392 num
356 1328 505 1392 omnibus
517 1327 669 1393 laudibus
685 1332 788 1408 ornat,
813 1327 867 1411 qui
882 1325 1065 1391 aedilicium
1088 1324 1169 1390 illud
1183 1327 1268 1390 inter
1291 1332 1400 1391 cetera

265 1432 432 1497 excellens
461 1432 664 1496 exstruxerit
688 1429 834 1516 (1—10).
883 1429 1081 1515 Byzantium
1109 1421 1252 1516 (11111111
1271 1422 1399 1518 Ῥώμη)

264 1535 426 1621 huiusque
461 1542 597 1601 matrem
616 1535 771 1599 'Romam
794 1528 974 1620 (Λατινιὰς
1000 1526 1147 1620 Ῥώμη),
1182 1554 1264 1618 quae
1299 1534 1400 1598 filiam

265 1639 422 1704 maiorem
441 1661 514 1704 esse
531 1638 714 1724 adgnoscit,
731 1638 922 1702 adhortatur
936 1643 1035 1723 pocta
1051 1635 1218 1722 (ll—33),
1242 1644 1278 1701 11
1294 1639 1399 1724 impe-

263 1748 405 1807 ratorem
435 1743 618 1823 celebrent,
648 1763 709 1807 neo
732 1742 838 1806 minus
862 1763 975 1806 omnes
998 1742 1130 1823 incitat,
1154 1741 1399 1827 quibuscunque

264 1851 363 1910 antea
392 1847 501 1911 tholus
532 1847 697 1932 collapsus
733 1866 858 1910 summo
892 1845 992 1910 dolori
1022 1845 1131 1910 tuerit.
1186 1844 1400 1910 subridentes

265 1951 334 2016 sine
363 1950 461 2015 dubio
492 1951 626 2036 legetis,
654 1971 718 2036 qua
741 1972 815 2015 oum
837 1950 1005 2015 anxietate
1032 1949 1155 2014 Paulus
1179 1949 1401 2015 calamitatem

263 2055 351 2119 illam
376 2057 679 2120 commemoraverit
709 2055 802 2140 quasi
825 2056 966 2136 veritus,
994 2075 1036 2120 ne
1059 2055 1109 2118 his
1132 2054 1230 2119 rebus
1253 2053 1399 2120 adversis

264 2159 429 2224 memoria·
463 2159 551 2224 haud
595 2159 738 2224 iucunda
775 2160 938 2224 renovatis
975 2159 1165 2245 imperatori
1202 2158 1400 2242 displiceret.

265 2264 319 2348 (cf.
345 2285 395 2330 vv.
420 2267 569 2331 13-51.
599 2263 760 2348 71-73).
817 2263 945 2329 Deinde
985 2285 1059 2328 cum
1096 2263 1240 2328 breviter
1272 2263 1400 2326 ruinam

263 2369 354 2432 illam
384 2367 609 2452 descripserit,
638 2372 748 2431 narrat
776 2372 873 2452 poeta
897 2366 1136 2430 restitutionem
1165 2372 1234 2430 arte
1259 2365 1399 2450 quadarn

263 2478 362 2558 poeta
386 2473 535 2536 scaenico
559 2470 646 2536 haud
670 2471 820 2556 indigna;
842 2471 950 2556 ipsum
975 2470 1062 2534 enim
1084 2469 1289 2554 Byzantium,
1313 2470 1400 2554 quod

263 2577 409 2640 mulieris
433 2576 535 2639 forma
551 2574 737 2661 praeditum
752 2575 942 2660 imperatori
967 2595 1002 2638 se
1026 2575 1130 2655 offert,
1154 2575 1292 2659 loquens
1311 2573 1399 2638 lacit.

267 2679 415 2764 Supplex
444 2678 561 2742 mulier
590 2677 809 2742 Iustinianum
840 2683 911 2742 orat
934 2682 1032 2761 atque
1055 2678 1222 2758 obsecrat,
1246 2683 1282 2740 ut
1304 2678 1399 2741 resti-

264 2787 375 2845 tuatur
407 2781 563 2854 ecclesia;
599 2785 632 2844 et
665 2779 720 2844 ille
751 2779 881 2864 quidem
911 2801 984 2843 eam
1014 2779 1188 2844 sublevans
1217 2772 1399 2846 maerorem

266 2906 393 2948 omnem
418 2889 615 2970 expectere
639 2883 701 2948 eici
723 2883 825 2962 iubet,
848 2905 924 2948 nam
941 2883 1141 2948 restituendo
1158 2887 1281 2971 templo
1299 2886 1399 2950 etiam

264 2989 369 3072 magis
407 2989 616 3073 conspicuam
657 3008 691 3051 se
724 3009 798 3052 eam
833 2987 994 3052 facturum
1034 3009 1107 3052 csse
1134 2988 1304 3073 promittit.
1357 2989 1400 3052 Et

266 3093 376 3157 statim
388 3092 579 3176 exsequitur
591 3091 761 3178 promissa.
793 3090 970 3177 Extemplo
987 3112 1051 3155 non
1064 3093 1261 3177 exspectatis
1275 3093 1401 3157 comiti·

264 3198 340 3278 bus,
374 3197 428 3282 qui
455 3217 585 3282 semper
614 3197 844 3281 imperatorem
872 3195 1027 3280 prosequi
1051 3196 1174 3277 solent,
1204 3195 1274 3262 sine
1302 3198 1399 3282 regiis

263 3301 447 3386 insignibus
462 3299 504 3364 ad
520 3299 634 3364 aedem
652 3297 825 3363 contendit.
870 3299 1042 3364 Paullatim
1059 3301 1219 3366 immensa
1232 3301 1399 3366 hominurn

264 3403 436 3468 multitudo
469 3403 611 3488 undique
644 3402 790 3483 confluit,
818 3402 1034 3466 iustinianum
1070 3404 1211 3468 clamore
1247 3405 1398 3470 salutant.

265 3508 330 3582 Qui
358 3529 431 3572 curn
459 3508 639 3592 collapsam
667 3507 780 3591 templi
814 3512 938 3591 partem
966 3505 1171 3592 adspexerit,
1203 3508 1400 3572 architectos

264 3611 360 3676 valde
396 3611 524 3694 laudat,
559 3611 646 3696 quod
680 3632 793 3674 eorum
824 3612 979 3696 singulari
1008 3611 1193 3696 diligentia,
1228 3633 1268 3676 ne
1297 3613 1400 3676 maior

264 3737 340 3802 pars
378 3720 560 3796 corrueret,
596 3714 797 3800 prohibitum
825 3716 876 3778 sit.
929 3715 1057 3780 Deinde
1092 3722 1191 3802 poeta
1227 3722 1400 3802 postquam

264 3819 444 3899 rhetorice,
473 3823 510 3882 ut
540 3817 641 3898 solet,
671 3817 910 3883 restitutionem
939 3821 1097 3884 ccclesiae
1128 3819 1399 3905 prudentiamque

263 3923 438 3988 Iustiniani
466 3945 485 3987 1
514 3943 677 4007 quoquam
712 3923 792 3986 satis
826 3923 985 3987 celebrari
1018 3945 1116 4009 posse
1146 3923 1292 4008 negavit,
1326 3945 1400 3987 eum

265 4026 495 4106 adfirmaverit,
519 4031 640 4110 quanta
656 4025 867 4090 admiratione
891 4047 1003 4091 omnes
1019 4026 1220 4108 adficiantur,
1245 4027 1299 4110 qui
1314 4027 1399 4092 inte-

356 4197 377 4267 1)
397 4198 571 4267 Quamquam
584 4197 613 4251 in
627 4197 721 4252 codice
731 4197 861 4252 Palatino
874 4196 1027 4266 quidquam
1037 4196 1165 4264 inveniri,
1175 4216 1230 4266 quo
1241 4198 1403 4252 stabiliatur

265 4284 425 4339 coniectura
437 4284 495 4353 illa,
508 4287 595 4353 negat
614 4280 916 4348 Stadtmuellerus‚
935 4283 978 4338 vir
990 4283 1073 4338 huius
1086 4284 1188 4339 codicis
1205 4284 1400 4354 peritissimus,

265 4371 310 4426 eui
336 4373 450 4440 propter
473 4371 605 4426 eximiam
623 4371 841 4442 benignitatem,
860 4387 916 4439 qua
934 4373 1077 4440 permotus
1096 4371 1130 4425 de
1149 4371 1338 4440 compluribus
1357 4389 1400 4426 me

266 4458 362 4514 docuit
377 4457 480 4514 codicis
497 4457 673 4529 lectionibus,
691 4459 744 4514 hoc
762 4475 873 4528 quoqne
892 4458 952 4512 loco
964 4457 1071 4528 gratias
1084 4475 1137 4528 ago
1150 4475 1234 4526 quam
1247 4475 1400 4513 maxumas.
