3224 4946
674 296 886 356 ..59..

215 460 311 524 facile
335 482 410 524 eum
428 462 579 527 Graefius
596 463 742 548 explevit
765 465 835 527 sola
856 487 873 527 ν
889 464 999 528 littera
1015 465 1216 538 intermissa;
1240 465 1350 547 itaque

216 561 344 648 νέης-
360 560 498 652 γαλήνης
513 567 688 651 legendum
705 574 773 643 est;
792 568 1016 653 comprobavit
1032 569 1116 632 hanc
1130 569 1349 632 coniecturam

218 666 460 733 Scheindlcrus.
509 669 573 734 Sed
603 691 644 734 ne
673 669 883 734 Scheindlcro
913 677 1044 735 auctore
1074 671 1156 734 haec
1186 670 1287 735 verba
1309 668 1350 732 ad

217 771 456 836 restitutionem
486 779 584 857 atque
615 774 904 858 amplificationem
933 775 1094 839 ecclesiae
1127 775 1161 836 in
1190 773 1351 837 seditione

217 874 425 938 Prasinorum
450 877 598 940 incendio
623 877 753 941 deletae
778 884 927 962 spectare
950 883 1117 962 putemus,
1140 877 1352 962 prohibemur

218 979 275 1058 eis,
300 999 382 1063 quae
407 1001 506 1065 supra
530 985 574 1065 (p.
593 983 612 1042 2
628 981 689 1065 sq.)
714 982 792 1044 satis
817 983 1012 1067 exposuisse
1035 982 1113 1044 mihi
1135 981 1256 1046 videor.
1301 980 1352 1043 De

219 1082 288 1145 sola
304 1084 407 1147 altera
429 1084 635 1148 restitutione
658 1085 719 1148 hoc
742 1086 813 1148 loco
831 1085 967 1168 cogitari
982 1090 1101 1169 potest.
1147 1084 1212 1149 Sed
1228 1084 1352 1164 dubito,

220 1205 261 1248 an
293 1206 358 1248 non
385 1185 435 1249 his
460 1187 569 1250 verbis
598 1186 638 1250 dc
669 1189 845 1251 clementia
872 1194 970 1272 atque
999 1187 1105 1272 gratia
1133 1188 1189 1250 illa
1218 1187 1353 1265 dicatur,

219 1309 282 1373 qua
298 1295 465 1373 permotus
482 1291 661 1375 imperator
684 1290 790 1354 denuo
805 1291 963 1376 templum
981 1291 1230 1356 consecraverit.
1268 1290 1353 1354 Nam

219 1392 300 1456 haec
316 1399 501 1477 postremos
526 1393 677 1457 carminis
701 1414 815 1458 versus
840 1395 924 1458 velle
942 1395 1112 1458 existimo:
1137 1394 1232 1458 Talia
1255 1414 1354 1478 opera

219 1496 397 1580 imperator
420 1495 481 1560 deo
507 1499 685 1575 exstruxit,
709 1498 872 1561 coronatis
896 1503 1004 1561 autem
1028 1497 1120 1561 donis
1145 1495 1353 1581 splendorem

218 1619 322 1664 novae
340 1599 533 1663 clementiae
551 1598 670 1663 adiecit
694 1620 792 1684 supra
808 1599 923 1665 aedem
941 1600 1151 1681 celebratam,
1174 1606 1210 1663 ut
1234 1599 1354 1662 donum

221 1724 299 1766 sane
316 1703 423 1766 vivum
448 1704 516 1786 regi
538 1703 648 1766 mundi
665 1703 830 1768 conderet.
875 1702 1014 1767 Accedit
1033 1703 1134 1788 igitur
1154 1696 1275 1790 γαλήνη
1298 1701 1355 1765 illa

220 1805 261 1869 ad
284 1807 391 1890 ipsum
409 1806 601 1870 aedificium.
646 1806 761 1890 Itaque
786 1807 813 1870 si
835 1803 907 1893 νέης
926 1801 1064 1894 γαλήνης
1086 1807 1248 1886 scribitur,
1272 1805 1355 1868 dixit

221 1914 318 1993 poeta
341 1909 547 1972 clementiam
570 1911 792 1995 imperatoris,
823 1932 865 1974 ex
888 1931 952 1994 qua
980 1911 1053 1995 ipsa
1075 1910 1259 1974 aedificatio
1284 1915 1356 1972 orta

221 2017 322 2090 esset,
353 2032 418 2075 non
450 2033 523 2076 esse
550 2013 675 2075 finitam
704 2013 800 2076 simul
828 2034 901 2076 cum
932 2013 1055 2098 templo
1085 2017 1267 2090 exstruct0,
1298 2010 1355 2074 sed

221 2113 327 2178 denuo
351 2134 422 2178 cam
445 2114 520 2177 urbi
544 2115 642 2178 saluti
665 2135 751 2190 essc3
775 2136 860 2179 nova
882 2116 983 2200 igitur
1006 2121 1056 2179 cst
1072 2116 1186 2200 gratia.
1230 2114 1355 2179 Verum

221 2219 293 2303 ipse
322 2217 465 2282 concedo
494 2239 559 2282 non
587 2219 744 2304 postulari
772 2238 870 2283 sensu
900 2219 984 2283 hanc
1015 2219 1243 2284 coniecturam.
1290 2217 1357 2281 Sed

221 2323 297 2407 quia
319 2342 525 2407 nequaquam
549 2321 590 2386 ab
615 2344 653 2386 eo
677 2322 840 2403 abhorret,
863 2345 916 2388 me
940 2323 1071 2408 quidem
1096 2345 1169 2387 eam
1191 2321 1356 2408 praeferre

223 2426 397 2501 confiteor3
422 2445 497 2490 nam
521 2425 567 2490 sic
591 2425 722 2490 odiosus
746 2427 802 2491 ille
826 2427 935 2491 hiatus
967 2429 1095 2505 vitatur,
1120 2449 1215 2512 quem
1238 2431 1275 2489 ut
1297 2447 1355 2489 ex-

223 2551 384 2610 cusemus,
407 2551 449 2594 ne
465 2530 527 2594 hac
545 2531 681 2616 quidem
705 2553 740 2596 re
765 2533 957 2614 inducimur,
982 2533 1067 2618 quod
1082 2533 1115 2596 in
1131 2533 1201 2618 ipso
1217 2531 1357 2594 ambone

222 2634 304 2698 haec
327 2633 428 2698 verba
456 2635 562 2698 locum
588 2657 682 2698 suum
705 2643 835 2717 tenent,
864 2637 992 2700 etiamsi
1023 2638 1057 2700 in
1080 2637 1141 2700 hac
1165 2635 1262 2699 tertia
1286 2654 1356 2696 car-

222 2737 318 2800 minis
349 2742 442 2821 parte
473 2758 537 2800 non
568 2739 671 2802 semel
703 2740 854 2803 licentias
883 2739 1041 2824 quasdam
1063 2741 1215 2804 metricas
1239 2737 1356 2823 depre-
1392 2771 1405 2794 ·

224 2839 445 2922 hendimusl).

223 3031 253 3093 5.
289 3027 346 3091 De
374 3027 556 3092 brevium
588 3026 841 3112 syllabarum
871 3028 1052 3092 finalium
1075 3029 1358 3114 productione.

310 3149 449 3213 Etiamsi
480 3148 664 3214 hexametri
692 3148 860 3229 licentias,
890 3167 971 3234 quas
1000 3149 1106 3214 adhuc
1137 3150 1359 3234 exposuimus,

188 3275 190 3280 ·
222 3257 256 3320 in
278 3255 387 3320 Nonni
411 3257 547 3340 eiusque
570 3255 771 3320 imitatorum
787 3255 983 3319 carminibus
1007 3254 1179 3320 observare
1204 3259 1237 3319 et
1260 3255 1358 3318 certis

223 3359 351 3444 legibus
369 3358 636 3424 circumscribere
651 3358 762 3421 multis
786 3363 819 3422 et
842 3358 944 3422 doctis
969 3359 1045 3422 viris
1069 3378 1166 3422 curae
1189 3358 1251 3422 fuit
1272 3358 1359 3422 haud

224 3464 270 3528 ita
292 3464 451 3548 exiguae,
475 3463 516 3528 ad
539 3463 645 3526 nullas
668 3466 779 3526 tamen
803 3463 882 3526 artis
905 3461 1099 3526 Nonnianae
1123 3463 1214 3546 leges
1238 3462 1358 3526 consti-

223 3566 362 3631 tuendas
390 3568 529 3631 maiores
559 3566 688 3630 labores
718 3564 963 3650 impenderunt,
994 3585 1091 3649 quam
1114 3565 1156 3630 ad
1181 3586 1252 3648 eas,
1276 3585 1359 3649 quae

224 3675 300 3734 sunt
328 3669 368 3732 de
398 3691 460 3732 usu
482 3669 631 3734 brevium
655 3667 856 3753 syllabarum
879 3669 913 3732 in
935 3669 999 3731 fine
1022 3668 1197 3732 verborum
1219 3667 1358 3753 produc-

224 3779 341 3837 tarum.
398 3772 579 3860 Praecipue
608 3771 773 3856 Hilbergii
806 3772 1052 3852 dissertatione,
1088 3772 1139 3835 cui
1172 3771 1360 3836 inscribitur

313 3961 333 4028 ¹)
351 3961 480 4016 Fortasse
498 3962 573 4015 recte
592 3960 825 4016 Stadtmuellerus
843 3961 960 4026 monuit,
980 3978 1015 4015 ne
1034 3959 1150 4015 celerius
1169 3958 1361 4029 comprobare-

223 4066 285 4103 mus
302 4046 403 4102 Graefii
423 4045 619 4112 coniecturam,
638 4064 722 4116 quam
741 4047 915 4102 audaciorem
934 4047 1018 4116 putat
1035 4047 1195 4115 comparato
1213 4063 1255 4116 ep.
1274 4045 1360 4101 Anth.

224 4136 302 4190 Plan.
320 4133 362 4199 64,
375 4134 405 4187 3:

431 4219 507 4292 ὄφρα
525 4220 571 4274 καὶ
590 4222 620 4274 ἐν
637 4223 794 4290 λιμένεσσιν
812 4221 860 4291 ἑήν
878 4219 1004 4275 πετάσειε
1022 4218 1162 4289 γαλήνην·

210 4299 401 4378 ¹Quamquam
423 4307 506 4362 huius
533 4308 745 4378 epigrammatis
769 4311 854 4377 poeta
877 4308 999 4363 incertus
1017 4307 1129 4363 hiatum
1146 4307 1226 4362 illum
1248 4307 1361 4374 omnino

224 4414 280 4454 non
298 4395 409 4452 vitavit.
445 4395 484 4452 Of.
504 4413 528 4449 v.
547 4396 564 4449 2
582 4391 693 4468 ἄγαλμα
709 4391 851 4468 Ἰουστίνῳ.
