3252 4954
680 340 893 400 ..27-

219 509 411 595 praemissis
447 529 735 593 cognosceremus,
777 511 905 574 etiamsi
946 509 1079 575 deesset
1114 501 1355 597 superscriptio,

219 613 364 676 Putasne
396 613 482 676 enim
512 611 702 698 scriptorem
733 613 839 676 denuo
872 614 1093 700 compluribus
1123 615 1273 679 versibus
1296 637 1355 678 au-

219 715 348 780 dientes
372 715 535 780 salutasse
565 721 598 780 et
629 717 836 780 sanctitatem
862 717 1019 781 materiae
1045 739 1238 798 excusasse,
1270 717 1356 802 quod

217 839 331 882 rursus
356 840 413 882 000
438 817 479 882 ad
502 819 725 882 recitationem
748 819 912 897 invitaret,
937 819 1000 882 nisi
1024 821 1168 905 spatium
1192 819 1355 906 quoddam

218 943 285 985 non
308 943 443 1006 parvum
467 921 552 985 inter
575 922 636 984 1100
660 942 791 986 0010100
808 921 1108 1008 antecedentesque
1132 924 1230 987 libros
1253 923 1355 987 10101-

219 1026 358 1090 fuisset?
409 1024 519 1110 Atque
555 1026 618 1088 hoc
647 1026 719 1110 ipso
748 1025 907 1111 temporis
935 1027 1041 1111 spatio
1069 1027 1251 1112 perfectam
1280 1049 1355 1091 0000

219 1130 322 1215 100100
352 1129 500 1193 ambonis
530 1128 834 1194 exaedificationem
865 1129 1006 1194 fortasse
1034 1131 1103 1196 1010
1127 1129 1357 1195 concludemus

220 1255 263 1296 cx
274 1233 390 1296 horum
403 1231 583 1296 iamborum
595 1233 687 1295 initio
698 1232 734 1316 ¹).
772 1232 991 1297 Praefationis
1008 1240 1118 1298 autem
1135 1233 1167 1296 in
1184 1254 1213 1297 v.
1233 1237 1267 1296 11
1287 1255 1356 1319 sqq.

219 1336 299 1400 dicit
322 1341 418 1421 poeta
441 1337 537 1400 haec:

620 1437 690 1523 τρὶς
712 1435 772 1525 γὰρ
794 1432 856 1527 ἤδη
879 1439 1047 1525 συγκαλῶν

374 1541 430 1608 καὶ
453 1544 516 1608 τῶν
539 1537 692 1631 συνήθων
713 1537 939 1630 ἐξαναστήσας
960 1537 1071 1609 πόνων

377 1641 470 1714 odacro
494 1642 696 1731 σκυθρωπὸν
718 1639 805 1713 εἶδον
828 1641 917 1731 ὑμῶν
940 1641 1065 1713 οὐδένα.

307 1770 366 1842 Bis
395 1771 495 1855 igitur
524 1770 589 1834 iam
613 1774 850 1833 convocaverat
873 1769 995 1832 Paulus
1019 1769 1242 1833 nobilissimos
1266 1768 1357 1832 audi·

219 1880 308 1938 tores
332 1911 374 1920 -
401 1873 463 1938 hoc
492 1874 639 1958 sequitur
667 1894 710 1937 ex
736 1893 816 1936 voce
845 1869 916 1956 τρὶς
946 1907 980 1918 -
1010 1877 1107 1956 atque
1134 1872 1358 1936 necessarium

220 1984 271 2042 est
300 1982 417 2064 putare
446 1977 586 2062 priorem
609 1975 837 2040 recitationem
864 1975 1003 2059 primum
1027 1975 1187 2040 ccclesiae
1211 1974 1357 2062 descrip-

220 2082 319 2145 tionis
332 2081 460 2162 librum,
475 2081 690 2166 posteriorem
703 2079 908 2163 complexam
921 2100 994 2144 esse
1008 2079 1197 2146 secundum.
1241 2079 1358 2164 Itaque

222 2183 363 2269 spatium
379 2183 534 2268 temporis
550 2183 708 2247 intererat
724 2183 810 2246 inter
826 2181 907 2246 duos
922 2181 996 2246 illos
1013 2183 1126 2262 libros,
1150 2181 1235 2268 quod
1250 2187 1359 2247 utrum

221 2288 339 2352 diebus
363 2309 405 2351 an
429 2288 518 2352 horis
542 2287 713 2352 dumtaxat
729 2287 881 2352 effectum
905 2287 956 2366 011,
982 2287 1065 2352 00110
1088 2309 1154 2350 000
1173 2309 1359 2373 000000100,

222 2414 329 2478 neque
347 2392 523 2478 quidquam
545 2398 658 2456 nostra
673 2391 821 2470 interest,
845 2397 882 2454 ut
905 2411 1152 2475 cognoscamus.
1200 2390 1265 2456 Sed
1288 2391 1359 2475 quis

222 2501 286 2576 est,
316 2496 372 2580 qui
403 2495 515 2560 credat
542 2496 604 2560 hoc
633 2495 841 2560 intervallum
871 2515 891 2558 0
921 2501 1020 2580 00010
1048 2516 1121 2560 0000
1149 2495 1291 2580 positum
1320 2515 1358 2558 eo

220 2601 303 2681 loeo,
321 2621 384 2685 quo
403 2622 446 2664 ex
463 2599 584 2664 codicis
600 2599 787 2663 testimonio
804 2597 948 2683 positum
965 2619 1037 2662 esse
1053 2598 1213 2681 videmus,
1235 2598 1360 2664 scilicet

221 2709 296 2789 0001
327 2724 458 2767 versum
486 2705 547 2766 277
572 2701 647 2766 libri
669 2702 712 2782 1.,
742 2707 916 2786 postquam
947 2701 1081 2765 vixdum
1110 2708 1211 2787 poeta
1240 2702 1316 2767 inde
1340 2726 1360 2767 a

222 2829 250 2870 v.
267 2809 326 2870 221
353 2807 459 2892 100001
482 2807 640 2892 templum
664 2805 849 2870 describere
879 2806 1006 2890 coepit?
1060 2805 1187 2870 Tantae
1210 2806 1359 2872 inscitiae

221 2911 360 2976 Paulum
386 2947 421 2956 -
447 2911 524 2974 licet
548 2931 622 2974 0010
645 2910 787 2973 maxime
812 2909 955 2973 alienum
978 2909 1145 2974 existimes
1169 2932 1189 2974 a
1210 2916 1359 2974 veterum

221 3021 392 3100 poetarum
414 3020 484 3078 arte
509 3013 764 3100 disponendi-
789 3011 940 3097 equidem
963 3032 1028 3075 non
1052 3033 1196 3096 arguam.
1243 3013 1361 3097 Itaque

222 3141 265 3182 ex
294 3118 417 3183 librarii
450 3139 560 3184 errore
584 3119 717 3182 alterius
741 3117 817 3180 libri
841 3113 1151 3200 superscriptionem
1176 3120 1209 3180 et
1231 3117 1328 3202 01001
1348 3155 1361 3164 -

223 3223 347 3286 1100010
371 3243 431 3286 sex
454 3221 635 3286 iamborum
658 3221 811 3285 hocloco
831 3219 1042 3304 interpositas
1067 3239 1140 3283 esse
1163 3224 1254 3306 0010,
1278 3242 1362 3306 quae

224 3333 298 3413 post
320 3326 395 3391 libri
417 3325 443 3390 I.
468 3347 599 3390 versum
628 3327 689 3388 2211
720 3326 828 3388 100001
857 3323 1022 3388 tenebant.
1073 3323 1159 3388 Nam
1187 3345 1292 3409 usque
1322 3324 1362 3389 ad

224 3431 310 3494 hunc
337 3451 468 3494 versum
498 3436 547 3506 et,
577 3450 660 3514 quae
688 3450 741 3492 res
774 3433 850 3492 ante
882 3426 1025 3492 secunda
1058 3429 1217 3492 encaenia
1247 3434 1362 3513 gestae

225 3539 309 3616 sunt,
326 3537 360 3597 et
377 3553 416 3596 00
431 3532 503 3616 1000
517 3536 704 3606 001100101;
722 3529 839 3594 11010110
857 3533 1062 3594 0110100221
1083 3531 1174 3594 aedis
1188 3531 1362 3617 descriptio

224 3639 386 3724 incipitur,
404 3657 476 3699 cum
492 3637 632 3722 primum
648 3640 746 3720 poeta
762 3635 953 3698 orientalem
970 3635 1041 3699 eius
1057 3640 1183 3720 partem
1196 3635 1362 3720 depingat.

226 3741 282 3806 Sic
297 3741 437 3804 Paulum
461 3740 632 3804 materiam
649 3738 848 3823 disposuisse
869 3758 975 3822 neque
992 3739 1153 3802 ecelesiae
1169 3737 1363 3823 descriptio-

225 3867 300 3909 nem
317 3843 449 3908 vixdum
465 3843 652 3908 incohatam
669 3843 778 3907 statim
793 3841 886 3906 novis
903 3841 1031 3922 iambis,
1049 3841 1167 3927 quibus
1183 3843 1266 3906 alter
1280 3840 1364 3906 liber

315 4035 336 4102 1)
355 4028 655 4102 (11.010001Ἒχεις
674 4029 792 4096 ἅπασαν,
811 4017 834 4082 oi
851 4030 970 4098 βασιλεῦ,
988 4027 1038 4098 τήν
1057 4028 1154 4082 ἐλπίδα

500 4117 631 4193 προσθεὶς
648 4117 685 4172 τό
703 4117 818 4171 λεῖπον
835 4119 874 4190 τῷ
892 4117 947 4187 νεῷ
963 4117 1002 4187 τῷ
1020 4115 1161 4189 παγκάλῳ.

503 4201 613 4272 1111κο110,
633 4201 747 4277 ἄριστοι,
765 4203 931 4276 προσφόρως
947 4200 994 4254 καὶ
1012 4203 1062 4255 νῦν
1080 4201 1137 4272 e'yor'

501 4290 559 4362 ἥκω
577 4291 609 4346 τό
625 4292 719 4346 λεῖπον
737 4289 894 4362 προστιθεὶς
911 4291 950 4360 τῷ
968 4288 1077 4360 βιβλίῳ·

503 4378 586 4432 καλόν
603 4377 657 4450 γάρ
677 4376 711 4429 dv
729 4380 773 4445 atq
790 4376 853 4436 τούς
870 4375 967 4444 λόγους
984 4377 1023 4447 τῷ
1041 4375 1158 4446 δεσπότῃ

505 4463 735 4542 συνδημιουργεῖν
753 4463 802 4517 cdv
820 4461 890 4520 νεών
908 4461 957 4519 adr
974 4464 1023 4516 τοῦ
1041 4461 1131 4536 λόγου.
