3224 4946
718 287 933 348 ..64-

255 474 291 510 an
318 473 375 510 non
388 415 562 526 'permissum
585 456 636 524 sit,
664 453 794 523 equidem
816 453 927 518 dubito;
952 469 1043 520 neque
1065 453 1196 522 probavit
1214 452 1392 536 Hilbergium

257 543 452 597 Scheindlerus
466 543 555 611 (Stud.
566 543 648 598 Vind.
666 543 739 596 1881.
753 559 779 610 p.
788 540 840 608 14).
861 539 955 594 Etiam
966 540 1160 594 christodorus
1170 541 1242 594 hanc
1255 540 1393 608 syllabam

256 630 368 684 finalem
386 629 520 700 produxit
538 629 568 682 in
586 629 642 684 arsi
660 629 709 682 ΠΙ.

344 773 371 814 o.
387 750 583 836 Trisyllaba,
598 771 681 834 quae
696 770 774 812 una
790 749 1027 812 consonanti
1045 747 1250 829 clauduntur,
1263 749 1395 831 longam

258 855 417 919 exhibent
439 853 570 918 finalem
594 853 772 938 syllabam:

463 959 496 1021 in
520 958 585 1022 arsi
651 956 685 1019 ΙΙ
730 956 782 1019 ΙΙΙ
829 954 902 1042 [IV]
952 955 979 1019 V
1027 953 1101 1042 [vl]

645 1059 699 1144 ιι)
735 1059 789 1146 1²)
846 1097 883 1106 -
935 1059 987 1144 1³)
1034 1096 1075 1104 -

348 1165 367 1231 ¹)
387 1164 462 1218 Haeo
483 1163 631 1232 productio
653 1162 764 1231 saepius
791 1161 911 1215 occurrit
937 1161 1013 1230 apud
1036 1162 1183 1226 Nonnum,
1207 1161 1293 1216 etiam
1320 1161 1396 1231 apud

261 1249 470 1304 Christodorum
488 1250 519 1303 in
537 1249 644 1304 duobus
664 1249 789 1303 versibus
809 1249 877 1316 (225.
899 1249 969 1315 236).

347 1341 367 1404 ²)
386 1337 490 1392 Contra
512 1354 625 1406 perrara
649 1354 682 1390 aa
705 1339 748 1390 est
769 1337 799 1389 in
822 1336 876 1390 arsi
895 1337 957 1400 Ill.;
983 1336 1036 1390 hoc
1059 1351 1124 1390 vero
1147 1335 1229 1388 Pauli
1247 1335 1308 1389 loco
1328 1335 1396 1402 (161

262 1423 400 1492 Τελχῖνας)
419 1423 531 1478 nomine
549 1423 663 1493 proprio
682 1422 807 1476 excusari
825 1421 895 1474 mihi
913 1421 1033 1476 videtur.

350 1512 371 1578 ³)
390 1509 558 1564 Huiusmodi
575 1509 769 1580 productionis
785 1509 815 1562 in
828 1509 883 1562 arsi
898 1508 930 1562 V.
943 1507 1081 1562 admissae
1093 1507 1149 1561 tria
1162 1508 1289 1577 exempla
1302 1507 1396 1562 Nonni

261 1596 424 1664 Hilbergius
443 1597 481 1666 (p.
494 1597 543 1650 127
556 1598 607 1664 sq.)
625 1596 769 1650 nobiscum
788 1595 1013 1650 communicavit.

347 1683 452 1746 Multo
470 1684 601 1769 saepius
616 1683 739 1748 Paulus
755 1683 873 1747 Nonno
896 1683 978 1747 duce
1003 1703 1043 1746 ea
1063 1681 1234 1768 trisyllaba
1250 1683 1395 1762 adhibet,

262 1807 399 1872 quorum
421 1787 536 1850 ultima

349 1908 378 1972 d.
403 1915 547 1972 natura
577 1909 704 1992 longa
733 1913 793 1972 est.
844 1907 972 1970 Horum
999 1906 1145 1991 syllabae
1172 1907 1287 1971 finales
1312 1913 1399 1972 stant
1432 1957 1435 1962 .

513 2012 547 2075 in
570 2011 635 2075 arsi
701 2010 736 2074 II
779 2009 832 2074 ΙΙΙ
878 2007 951 2096 [IV]
998 2009 1030 2074 V
1074 2007 1147 2097 [VI]

700 2116 741 2177 32
786 2117 825 2177 25
889 2150 923 2160 -
1005 2117 1024 2175 4

265 2215 402 2294 Rarius,
431 2222 468 2280 ut
497 2238 539 2280 ex
565 2217 709 2282 numeris
732 2217 975 2302 cognoscimus,
999 2217 1121 2280 Paulus
1145 2218 1229 2282 tales
1254 2217 1398 2304 syllabas

263 2320 379 2384 finales
408 2321 441 2383 in
468 2321 534 2384 arsi
556 2320 598 2386 V.
632 2342 728 2406 quam
758 2321 791 2384 in
820 2321 883 2385 arsi
905 2321 949 2384 Π.
975 2325 1031 2384 aut
1053 2320 1116 2384 ΠΙ.
1140 2321 1266 2406 posuit,
1289 2321 1399 2386 Nonni

265 2426 452 2510 exemplum
470 2431 612 2490 secutus.
649 2424 723 2498 Qua
746 2447 781 2490 re
798 2425 962 2489 Nonniani
978 2425 1204 2510 prohibebant,
1227 2448 1267 2490 ne
1284 2449 1399 2492 versus

265 2527 307 2590 ad
336 2527 433 2592 finem
462 2549 642 2614 properans
670 2529 770 2594 nimio
793 2528 1029 2605 retardaretur,
1053 2528 1087 2592 id
1110 2528 1196 2614 quod
1218 2532 1400 2596 molossiois

265 2630 431 2694 vocabulis
455 2631 489 2693 in
511 2630 575 2695 fine
598 2632 713 2715 positis
738 2631 823 2695 effici
847 2630 1043 2694 concedetis.

350 2733 445 2798 Haec
474 2734 514 2797 de
539 2734 736 2820 syllabarum
759 2735 913 2814 finalium,
939 2755 1022 2819 quae
1045 2741 1218 2799 occurrunt
1240 2737 1274 2798 in
1296 2738 1399 2802 hexa-

265 2838 362 2900 metri
385 2838 528 2919 arsibus,
558 2838 782 2924 productione.
828 2837 901 2912 Qua
923 2838 1024 2902 multo
1040 2839 1196 2903 rariorem
1219 2860 1293 2904 esse
1316 2863 1402 2906 nunc

266 2940 450 3006 videbimus
472 2941 715 3027 productionem

353 3105 393 3170 B.
431 3105 465 3168 in
487 3102 652 3171 thesibus
675 3105 806 3170 factam.
852 3102 1080 3167 Producuntur
1105 3104 1190 3168 enim

641 3224 668 3292 I.
705 3223 1041 3310 monosyllaba*),

354 3363 384 3408 a.
409 3363 492 3428 quae
514 3342 626 3407 brevi
648 3344 778 3408 vocali
799 3344 1015 3408 terminantur

422 3449 455 3510 in
478 3447 565 3512 thesi
629 3446 646 3510 I
690 3447 726 3510 II
771 3443 847 3534 [III]
893 3446 942 3511 IV
989 3443 1043 3534 [V]
1090 3445 1142 3510 VI

621 3548 744 3635 -1¹)
790 3589 830 3598 -
898 3587 938 3597 ..
994 3589 1036 3597 -
1091 3586 1131 3597 -

361 3654 382 3723 ¹)
400 3653 490 3708 1136:
508 3653 596 3713 κεῖνος
609 3647 679 3726 ἁνήρ
691 3652 730 3706 td
747 3654 850 3726 πρῶτα.
880 3653 920 3708 De
932 3669 988 3707 uno
1006 3653 1059 3708 hoc
1075 3653 1144 3721 loce,
1163 3670 1219 3723 quo
1231 3653 1335 3716 Paulus
1347 3653 1405 3708 tole

270 3739 494 3808 monosyllabum
514 3738 544 3791 in
562 3737 635 3792 thesi
646 3738 761 3808 longum
774 3737 889 3792 admisit
905 3737 980 3792 infra
992 3738 1126 3793 disserere
1144 3739 1237 3804 liceat,
1256 3739 1324 3808 quia
1336 3739 1405 3793 haec

269 3825 416 3896 productio
438 3827 517 3880 muta
541 3828 570 3880 et
594 3824 704 3894 liquida
726 3827 788 3880 orta
810 3827 860 3879 est.
880 3825 1080 3879 -Praeterea
1102 3826 1192 3880 locum
1217 3825 1352 3879 adnotavi
1371 3841 1404 3879 ex

270 3914 302 3968 Α.
315 3913 381 3968 Ρ.Χ
395 3913 436 3978 16,
450 3913 463 3966 1
484 3907 516 3964 ου’
534 3909 578 3964 ro*
596 3912 652 3981 ζῆν.
688 3911 747 3964 Hae
764 3911 948 3981 productione
967 3910 1087 3982 augetur
1098 3910 1251 3965 multitudo
1265 3911 1405 3980 exemplo·

270 4017 340 4064 rum,
359 4016 392 4053 ex
411 3998 512 4067 quibus
531 3997 599 4052 satis
618 3997 752 4067 appanrit
771 3997 889 4051 Paulum
906 3998 937 4052 in
956 3996 1166 4068 epigrammatis
1184 3995 1237 4050 sibi
1256 3995 1405 4052 indulsisse

270 4077 399 4140 licentias
418 4085 532 4140 omnino
550 4101 607 4140 non
625 4084 773 4154 permissas
791 4083 821 4137 in
834 4083 1029 4155 descriptionis
1041 4083 1174 4139 versibus.
1210 4081 1407 4152 Cognosoimus

363 4240 387 4306 *)
405 4239 445 4292 De
463 4238 718 4307 monosyllaborum
734 4238 917 4308 productione
936 4239 1012 4308 apud
1024 4239 1157 4293 Nonnum
1176 4236 1291 4306 eiusque
1311 4237 1406 4294 imita-

272 4323 372 4379 tores
364 4342 394 4377 m
413 4324 486 4378 thesi
504 4325 581 4378 facta
603 4323 741 4394 copiosius
761 4324 977 4394 disputaverunt
998 4325 1069 4394 Aug.
1090 4322 1253 4378 Scheindler
1270 4325 1405 4392 (Zeitsdnr.

271 4412 292 4478 f.
311 4415 333 4464 ὃ,
355 4408 388 4464 G.
408 4410 484 4474 1879,
503 4411 605 4479 p.424)
624 4413 652 4464 et
670 4411 749 4466 Arth.
769 4411 902 4466 Ludwich
927 4411 1006 4479 (.Mus
1026 4411 1078 4464 Rh.
1098 4409 1201 4463 XXXV
1219 4429 1245 4480 p.
1257 4413 1309 4466 506
1325 4413 1406 4481 sqq)
