3252 4954
665 287 879 348 ..17-

207 456 303 520 nibus
330 455 436 542 poetis
465 454 630 520 amatoriis
663 461 883 520 consentanea
911 457 988 530 sint;
1017 453 1099 520 nihil
1125 445 1242 536 nativi,
1265 455 1346 520 nihil

207 560 293 640 novi,
316 559 398 623 nihil
414 559 538 646 proprii
555 559 711 639 invenies,
735 561 843 623 omnia
857 559 1070 625 accomodata
1092 559 1134 624 ad
1150 561 1346 626 valeriorum

211 668 382 727 auctorum
394 660 595 746 ingenium”,
608 662 716 726 omisit
731 663 968 748 epigrammata
978 685 1076 750 supra
1085 669 1347 744 commemorata,

212 787 295 850 quae
317 766 450 852 propria
470 766 605 830 inventa
628 763 786 830 exhibere
807 765 969 832 videntur.

296 885 363 950 Sed
386 886 451 950 iam
475 886 553 950 satis
576 885 617 951 de
634 886 890 972 epigrammatis.
936 887 1156 954 Transeamus
1181 887 1222 954 ad
1243 889 1347 953 maius

209 1011 340 1055 carmen
357 989 438 1054 illud
461 989 506 1054 de
521 1010 665 1074 magna
681 991 860 1055 ecclesia
873 990 1099 1077 Byzantina
1122 994 1346 1080 compositum,

209 1115 254 1158 ex
270 1114 333 1179 quo
348 1093 498 1174 Paulum,
522 1094 674 1179 quoniam
699 1095 879 1160 sententias
893 1096 1176 1182 cogitationesque
1199 1118 1265 1161 non
1288 1098 1346 1162 da-

210 1198 371 1285 prompsit
406 1218 448 1262 ex
477 1197 616 1262 aliorum
649 1197 807 1282 ingeniis,
839 1199 962 1284 aliquid
994 1200 1144 1265 effecisse
1179 1202 1275 1283 satis,
1309 1207 1347 1265 ut

211 1300 365 1382 arbitror,
406 1306 553 1387 apparet.
604 1299 761 1386 Legimus
802 1300 864 1365 hoc
897 1323 1042 1386 carmen,
1079 1305 1131 1368 cui
1160 1304 1348 1369 inscribitur

210 1399 345 1472 Παύλου
373 1405 516 1493 ποιητοῦ
546 1402 769 1491 Σιλοπιαρίοο
792 1401 866 1472 υἱοῦ
891 1401 1003 1494 Κύρου
1032 1401 1190 1494 ἒκφρασις
1215 1403 1263 1486 εἷς
1288 1403 1347 1496 τὴν

209 1504 348 1597 μεγάλην
376 1503 551 1594 ἐκκλησίαν
580 1500 655 1597 ἤτοι
682 1503 741 1597 τὴν
772 1501 869 1595 ἁγίαν
901 1506 1037 1598 σοφίαν,
1068 1512 1102 1575 in
1130 1513 1202 1599 ipso
1233 1511 1345 1577 codice

209 1614 431 1699 Anthologiae
455 1613 623 1695 Palatino,
654 1614 746 1678 cuius
778 1614 811 1678 in
839 1615 945 1700 prima
967 1616 1089 1702 pagina
1112 1617 1227 1702 incipit
1249 1637 1345 1702 prae-

208 1717 282 1781 fixis
306 1723 460 1803 quattuor
482 1715 569 1782 foliis
592 1717 819 1782 innumeratis·

298 1838 411 1924 Ipsum
427 1859 533 1924 genus
549 1838 804 1925 descriptionum
827 1859 893 1903 non
916 1840 1084 1904 inventum
1108 1862 1183 1905 esse
1207 1841 1357 1926 ascrip-‚

103 1991 110 2002 .
209 1941 336 2006 toribus
358 1943 617 2026 Byzantinorum
645 1948 830 2028 temporum
860 1942 918 2007 sed
950 1943 1014 2008 iam
1043 1965 1062 2008 a
1090 1944 1263 2031 sophistis,
1293 1945 1348 2029 qui

213 2046 274 2108 sub
297 2045 547 2130 imperatoribus
564 2045 720 2111 Romanis
743 2047 890 2132 viguere,
915 2052 947 2111 et
969 2047 1010 2110 ab
1032 2046 1240 2129 Hellenistis,
1264 2069 1346 2134 quos

213 2170 376 2230 vocamus,
392 2151 535 2216 maximo
552 2150 661 2215 studio
677 2152 800 2216 cultum
817 2171 891 2216 esse
907 2171 1002 2215 nemo
1020 2157 1079 2231 est,
1105 2151 1161 2236 qui
1175 2151 1303 2216 nesciat
1322 2151 1346 2235 ).

210 2252 296 2327 Quin
327 2255 427 2320 etiam
455 2275 560 2340 usque
599 2254 641 2319 ad
678 2256 792 2342 spicae
824 2257 934 2342 poesis
964 2255 1056 2319 initia
1087 2253 1182 2320 huius
1215 2257 1346 2340 generis

209 2358 347 2444 vestigia
369 2360 611 2445 persequimur,
640 2380 715 2424 nam
748 2380 821 2424 cum
844 2360 877 2424 in
900 2359 1038 2424 Homeri
1060 2365 1129 2424 tum
1152 2360 1185 2424 in
1208 2358 1348 2424 Hesiodi

209 2463 346 2548 eiusque
382 2463 514 2528 scholae
550 2463 746 2528 carminibus
781 2464 864 2528 tales
899 2483 1072 2528 occurrere
1108 2463 1346 2550 descriptiones

208 2572 320 2631 notum
345 2572 404 2630 est.
451 2565 575 2632 Verum
599 2567 685 2632 inter
708 2587 822 2631 omnes
845 2565 1037 2651 Byzantinis
1059 2567 1143 2632 haec
1167 2567 1346 2631 carminum

208 2677 404 2754 argumenta
426 2671 568 2736 maxime
591 2676 685 2756 grata
708 2676 812 2751 erant,
836 2691 912 2734 nam
935 2670 1088 2756 quoniam
1110 2671 1175 2734 illis
1191 2672 1346 2758 tempori-

154 2850 157 2857 ·
207 2776 270 2840 bus
293 2777 443 2861 longiora
465 2777 609 2841 carmina
631 2777 765 2861 antiquo
789 2795 880 2854 more
904 2774 945 2840 da
969 2774 1068 2840 rebus
1092 2775 1243 2862 mythicis
1268 2798 1345 2841 eon-

207 2879 276 2943 dita
302 2879 367 2943 iam
394 2901 456 2944 nec
483 2884 598 2965 poetas
628 2900 689 2945 nec
723 2879 876 2963 legentes
911 2877 1129 2962 adliciebant,
1163 2880 1254 2943 nulla
1280 2880 1346 2942 alia

207 2985 344 3048 materia
385 2983 502 3048 melius
539 2989 644 3049 artem
677 2983 876 3047 rhetoricam
914 2988 948 3046 et
982 2982 1152 3046 metricam
1188 3003 1346 3046 exercere

207 3093 363 3174 poterant
379 3092 498 3174 poetae
514 3087 562 3150 illi
579 3107 675 3171 quam
692 3092 749 3150 aut
765 3085 920 3150 aedificiis
937 3090 994 3150 aut
1010 3083 1082 3150 aliis
1098 3085 1176 3150 artis
1193 3085 1346 3170 operibus

206 3191 351 3256 maxima
375 3211 447 3255 cum
471 3189 644 3255 verborum
669 3189 762 3275 copia
785 3187 1020 3256 describendis.

295 3312 375 3399 Ipsa
397 3311 493 3375 Pauli
508 3310 728 3397 descriptione
752 3315 893 3396 excepta
916 3309 979 3374 duo
996 3309 1184 3374 huiusmodi
1203 3309 1346 3376 carmina

208 3417 324 3480 relicta
360 3422 451 3497 sunt,
475 3437 611 3500 quorum
645 3421 765 3502 poetae
798 3415 905 3480 eidem
940 3417 1072 3482 saeculo
1101 3415 1345 3492 adscribuntur;

208 3513 318 3605 neque
343 3541 440 3606 quam
463 3521 566 3584 multa
588 3525 720 3605 praeter
741 3519 798 3583 illa
821 3525 1004 3606 temporum
1022 3519 1195 3606 iniquitate
1217 3520 1346 3606 perdita

209 3625 283 3704 sint,
307 3646 366 3710 pro
391 3629 557 3710 comperto
580 3623 751 3687 habemus.
798 3622 866 3687 Sub
889 3624 1065 3690 Anastasio
1089 3625 1187 3703 enim,
1209 3631 1246 3688 ut
1268 3625 1344 3688 bre-

208 3728 290 3792 viter
317 3737 453 3814 tangam
481 3729 562 3793 duas
598 3728 672 3791 illas
700 3728 890 3812 ecphrases,
920 3728 1186 3809 christodorus&
1216 3727 1346 3812 scripsit

207 3853 355 3915 carmen,
386 3832 476 3896 ouius
502 3833 565 3895 416
595 3831 779 3896 hexametri
804 3833 838 3895 in
866 3833 1008 3897 secundo
1038 3832 1140 3897 Anth.
1167 3831 1237 3895 Pal.
1260 3831 1343 3895 libro

206 3937 316 4000 traditi
353 3941 445 4014 suut,
486 3935 527 4001 de
562 3935 679 4000 statuis
717 3935 870 4021 Byzantii
906 3937 939 4000 in
976 3935 1145 4022 gymnasio
1181 3935 1345 4022 Zeuxippi

206 4041 322 4127 positis
351 4035 611 4127 (disposueratis
633 4031 831 4126 ἀγαλμάτιον
852 4037 900 4120 εἷς
925 4035 964 4106 τὸ
987 4035 1145 4129 δημόσιον
1167 4034 1345 4126 γυμνάσιον

116 4303 118 4308 ,
280 4251 299 4316 ¹)
317 4247 436 4316 Videas,
461 4264 533 4316 quae
556 4247 591 4302 de
618 4245 837 4317 descriptionum
862 4264 964 4316 genere
987 4247 1055 4302 Erw.
1079 4247 1176 4302 liohde
1203 4248 1345 4317 praeclare

208 4335 379 4404 explanavit.
418 4333 520 4390 Griecb.
541 4335 619 4390 Rom.
638 4353 665 4403 p.
684 4336 742 4390 Bab.

277 4425 298 4488 ²)
317 4423 356 4476 ef.
371 4423 608 4490 Baumgartenum
620 4419 664 4474 De
671 4420 843 4474 Christodoro
850 4425 929 4488 poeto
939 4419 1195 4490 Tbebnzofflonaea
1201 4422 1309 4488 1881)p.
1318 4422 1343 4474 6.

1171 4509 1188 4560 2
