3252 4954
694 285 887 345 ..6.-

219 456 404 520 restitutam
439 455 597 536 narravit,
632 457 736 539 ipsam
776 455 990 519 restitutionis
1025 455 1274 540 descriptionem
1309 458 1358 520 his

218 559 326 622 verbis
349 559 455 622 finivit
478 559 520 643 (p.
539 560 613 640 296,
630 560 670 620 20
695 558 746 623 ed.
770 557 901 640 Bonn.):
926 553 956 622 εἰ
979 553 1016 621 δέ
1036 581 1087 634 τις
1109 555 1221 623 ἐθέλοι
1244 553 1357 646 πόῤῥιυ

220 684 287 726 που
309 655 406 742 τυχὸν
427 661 486 749 τῆς
507 655 637 738 πόλεως
654 653 886 748 ἀπῳκισμένος
907 655 1024 726 ἔπειτα
1039 655 1225 746 γιγνώσκειν
1243 664 1359 750 σαφῶς

220 761 354 829 ἅπαντα
372 753 529 850 καθάπερ
545 759 660 849 παρών
675 761 732 828 καὶ
756 759 932 847 θεώμενος,
950 756 1159 850 ἇναλεγέσθιο
1174 759 1216 830 τὰ
1232 761 1357 853 Παύλῳ

219 869 278 933 τού
306 863 417 954 Κύρου
451 868 511 932 τοῦ
545 862 681 950 Φλώρου
711 866 744 932 ἐν
772 863 962 953 ἑξαμέτροις
989 866 1216 954 πεπονημένα,
1250 865 1286 947 ὅς
1315 867 1355 959 δὴ

218 967 260 1038 τὰ
283 973 401 1056 πρῶτα
423 972 523 1036 τελῶν
545 970 577 1036 ἐν
599 975 671 1050 τοῖς
693 964 782 1058 ἀμφὶ
804 967 862 1037 τὸν
879 969 1018 1056 βασιλέα
1040 973 1134 1060 σιγῆς
1150 968 1355 1055 ἐπιστάταις,

221 1075 331 1162 γένους
352 1099 387 1141 τε
409 1070 632 1160 κοσμούμενος
654 1071 732 1162 δόξῃ
761 1072 818 1140 καὶ
846 1075 990 1141 πλοῦτον
1010 1069 1159 1162 ἄφθονον
1182 1074 1218 1141 ἐκ
1237 1073 1357 1162 προγό-

221 1205 284 1245 νων
307 1176 548 1264 διαὸεξύμενος,
573 1176 661 1264 ὅμως
683 1177 823 1247 παιδεία
846 1203 881 1266 γε
904 1173 993 1267 αύτῷ
1016 1175 1198 1267 καλλύνων
1221 1176 1358 1270 ιλσκησις

221 1279 467 1351 διεσπούδαστο
484 1304 492 1319 ·
507 1283 565 1350 καὶ
593 1283 651 1350 ἐπὶ
674 1285 786 1350 τοῖσδε
808 1285 932 1368 μᾶλλον
953 1277 1042 1370 ηύχει
1065 1283 1121 1350 καὶ
1145 1283 1356 1370 ἐσεμνύνετο·

219 1387 276 1454 καὶ
310 1384 419 1454 τοίνυν
454 1385 640 1476 πεποίηταί
672 1385 704 1456 οἱ
732 1387 789 1454 καὶ
822 1382 905 1453 ἄλλα
936 1381 980 1467 ὡς
1006 1389 1148 1454 πλεῖστα
1180 1386 1356 1478 ποιήματα

219 1489 345 1581 μνήμης
374 1517 410 1560 τε
432 1487 510 1574 α’ξια
538 1493 595 1559 καὶ
618 1490 772 1574 ἐπαίνου,
802 1494 892 1559 δοκεῖ
915 1491 952 1559 δέ
979 1518 1037 1577 μοι
1063 1489 1105 1558 τὰ
1134 1493 1192 1560 ἐπὶ
1224 1497 1273 1584 τῷ
1295 1501 1357 1586 νεῴ

221 1593 372 1685 εἰρημένα
387 1593 538 1681 μείζονός
552 1621 587 1664 τε
598 1593 703 1664 πόνου
715 1596 772 1662 καὶ
785 1593 969 1686 ἐπιστήμης
980 1590 1130 1664 ἀνάπλεα
1142 1596 1355 1684 καθεστάναι,

220 1695 287 1787 ὅσην
310 1698 366 1766 καὶ
389 1703 408 1788 ἦ
431 1693 597 1780 ὑπόθεσις
620 1699 880 1788 θαυμασιιυτέρα
897 1721 904 1735 ·
921 1701 988 1766 κτλ.
1034 1701 1087 1764 Ex
1109 1703 1170 1768 hoo
1192 1701 1357 1789 Agathiae

218 1807 291 1870 loco
315 1807 455 1890 primum
480 1806 613 1891 quidem
637 1807 761 1891 aliquid
784 1806 824 1870 de
848 1806 942 1870 Pauli
965 1827 1106 1891 persona
1130 1811 1355 1893 comperimus.

221 1909 305 1973 Nam
330 1931 402 1973 oum
427 1931 469 1974 ex
491 1911 563 1995 ipso
587 1909 719 1974 maioris
737 1910 887 1974 carminis
910 1910 1005 1973 titulo
1027 1905 1162 1975 Παύλου
1184 1914 1356 1998 (ποιητοῦ)

220 2009 443 2098 Σιλεντιαρίου
471 2013 530 2078 τού
558 2008 631 2078 υἱοῦ
658 2007 769 2097 Κύρου
798 2008 956 2100 ἐκφρασις
987 2013 1053 2078 κτλ.
1083 2013 1222 2078 Paulum
1254 2018 1355 2081 filium

219 2115 332 2202 Oyri1)
364 2115 533 2180 cuiusdam
565 2117 668 2181 fuisse
705 2121 878 2203 appareat,
911 2115 1073 2201 Agathias
1109 2118 1149 2183 dc
1184 2119 1356 2186 nobilitate

218 2221 349 2306 generis
373 2226 405 2283 et
429 2220 469 2284 de
494 2219 616 2284 divitiis
640 2227 673 2284 et
696 2221 736 2284 de
759 2241 904 2301 munere,
930 2242 991 2305 quo
1015 2221 1137 2286 Paulus
1161 2223 1193 2286 in
1216 2225 1355 2310 impera-

218 2326 300 2390 toris
324 2327 400 2388 aula
422 2325 552 2388 functus
577 2325 628 2405 sit,
654 2325 811 2389 certiores
833 2346 892 2388 nos
916 2324 1003 2390 facit.

305 2428 386 2492 Erat
413 2429 511 2512 igitur
538 2428 660 2492 Paulus
689 2429 812 2514 primus
842 2428 1092 2493 silentiariorum
1125 2469 1166 2478 -—
1192 2433 1239 2496 ita
1270 2433 1355 2497 enim

221 2529 253 2598 oi
278 2524 365 2619 ἀμφὶ
387 2527 444 2598 τὸν
466 2529 605 2616 βασιλέα
628 2533 721 2620 σιγης
744 2527 922 2597 ἐπιστάται
945 2533 1045 2597 latino
1070 2555 1217 2599 sermone
1241 2539 1355 2622 appel·
1409 2585 1411 2588 -

218 2636 371 2700 labantur
386 2673 429 2682 -
445 2656 541 2720 quem
554 2642 686 2721 propter
696 2635 923 2720 magistratum
940 2637 969 2699 ei
983 2635 1161 2701 Silentiarii
1174 2659 1355 2724 cognomen

219 2741 359 2804 inditum
377 2738 472 2823 est2).
518 2740 548 2802 Α
564 2741 721 2826 principio
738 2739 852 2803 horum
868 2740 1115 2824 magistratuum
1139 2750 1210 2808 erat
1232 2766 1355 2826 curare,

218 2852 254 2909 ut
288 2831 463 2931 praesente
497 2845 694 2930 imperatore
730 2865 844 2908 omnes
878 2845 996 2930 linguis
1025 2845 1186 2929 faverent,
1223 2849 1281 2914 sed
1312 2871 1354 2913 ex

219 2949 362 3014 Malalae
387 2949 566 3034 Ohronogr.
590 2971 621 3034 p.
639 2951 711 3030 434,
728 2951 769 3013 20
793 2949 820 3012 Β
846 2950 922 3014 edit.
952 2949 1057 3016 Bona.
1082 2957 1115 3015 et
1139 2974 1182 3016 ex
1204 2953 1355 3038 Procopii

220 3053 304 3117 libro
340 3053 381 3117 de
415 3053 502 3117 bello
536 3053 669 3118 Persico
708 3055 829 3138 scripto
862 3053 960 3118 1243
995 3055 1037 3118 ad
1069 3056 1193 3120 maiora
1227 3079 1355 3142 quoquc

151 3227 153 3231 ,
221 3157 328 3221 officia
365 3178 420 3220 eos
455 3163 588 3221 vocatos
624 3178 694 3221 esse
721 3157 932 3241 intellegitur.
984 3157 1082 3222 Certe
1119 3180 1183 3223 nou
1220 3160 1354 3226 dubium

219 3267 285 3341 est,
310 3261 387 3346 quin
411 3261 594 3340 silentiam,
618 3261 775 3346 imprimis
799 3280 909 3324 eorum
925 3263 1143 3346 praepositus,
1160 3265 1354 3331 auctoritate

218 3363 357 3448 quadam
386 3365 421 3428 in
451 3364 572 3450 palatio
602 3365 652 3428 usi
680 3365 759 3440 siut;
793 3363 949 3449 dignitate
982 3371 1163 3446 senatores,
1187 3370 1353 3452 patricios,

217 3469 404 3555 praefectos
421 3469 595 3555 provinciis
612 3469 815 3554 aequabant3
838 3475 972 3554 propter
989 3471 1216 3554 spectabilium
1241 3474 1353 3538 claris-

219 3574 440 3658 simorumque
469 3574 580 3638 titulos
610 3574 754 3639 secundo
786 3580 884 3660 atque
913 3577 1009 3639 tertio
1034 3575 1227 3660 dignitatum
1252 3580 1355 3644 ordini

218 3679 376 3766 adscripti
400 3686 483 3744 sunt.
530 3680 600 3744 Neo
616 3681 742 3760 mirum,
768 3680 854 3765 quod
870 3679 985 3762 Paulo,
1010 3702 1073 3766 qua
1097 3688 1168 3746 erat
1184 3683 1353 3750 nobilitate

309 3888 329 3952 ¹)
348 3886 392 3940 Du
415 3886 537 3956 Congius
556 3887 585 3939 in
600 3886 773 3955 praefatione
798 3885 935 3940 Cinammi
958 3885 1076 3940 editioni
1103 3889 1255 3956 praemissa
1281 3890 1355 3945 hunc

218 3971 321 4038 Cyrum
342 3991 399 4027 non
418 3973 558 4028 diversum
578 3990 636 4028 esse
656 3973 799 4028 existimat
817 3981 834 4027 a
852 3974 938 4042 poeta
955 3972 1017 4038 illo,
1041 3973 1119 4028 cuius
1137 3992 1278 4045 perpauca
1297 3977 1355 4046 epi·

217 4061 374 4128 grammata
396 4059 426 4112 in
445 4061 529 4114 Anth.
549 4061 606 4116 Pal.
626 4061 790 4114 conservata
808 4061 888 4121 sunt,
912 4062 1027 4128 propter
1049 4075 1110 4114 eam
1129 4061 1216 4115 solam
1235 4080 1355 4128 causam,

218 4145 294 4214 quod
313 4145 425 4214 utrique
443 4147 503 4200 viro
519 4147 584 4215 Cyri
602 4163 704 4200 nomen
723 4148 791 4200 erat.
819 4145 890 4198 Huic
904 4146 996 4199 autem
1014 4147 1191 4202 coniecturae
1205 4149 1355 4204 admodum

217 4230 317 4284 audaci
336 4230 465 4298 equidem
484 4249 540 4286 non
558 4231 708 4286 adsentior.

306 4319 327 4385 ²)
346 4317 450 4371 Videas
469 4317 502 4371 de
520 4319 571 4374 hoe
589 4336 711 4384 munere,
730 4336 802 4388 quae
822 4319 999 4373 Kortuemius
1018 4319 1087 4373 dicit
1108 4321 1126 4374 l.
1144 4321 1161 4374 l.
1173 4340 1199 4390 p.
1210 4323 1257 4378 IX.
1270 4354 1300 4362 -
1320 4325 1354 4378 cf.

217 4403 303 4458 etiam
322 4403 399 4457 Saxii
419 4404 516 4458 Onam.
534 4405 561 4458 Il
579 4424 606 4474 p.
621 4405 663 4460 50.
