3252 4954
732 263 945 323 ..34-

268 455 375 519 neque
391 454 468 498 vcro
484 431 575 496 addit
587 438 685 519 poeta
701 432 842 516 reliquas
860 439 970 518 portas
994 431 1035 496 ad
1052 453 1225 517 vesperum
1244 435 1405 515 spectare,

274 538 333 602 sed
355 538 437 601 haec
462 543 537 600 sunt
559 537 676 600 verba:

838 637 903 701 τῶν
925 660 960 722 ye
981 635 1041 720 μὲν
1064 630 1169 702 ἄλλων

425 738 610 831 νηοκόρος
631 735 805 826 παλάμῃσι
833 735 1004 824 μεμυκότα
1026 737 1147 827 θαιρὸν
1170 734 1292 826 ἀνοίγει

427 842 579 931 ἑσπέριον
601 843 679 930 περὶ
701 847 821 926 τοῖχον.

271 949 404 1014 Aeditui
428 957 538 1014 autem
563 970 705 1034 persona
725 948 858 1028 inducta
880 947 1071 1012 viridiorem
1095 948 1166 1012 fieri
1188 949 1409 1012 narrationem

273 1055 343 1138 quis
368 1060 432 1133 est,
458 1054 513 1138 qui
535 1053 681 1116 abnuat?
727 1051 813 1116 Item
843 1051 878 1114 ΙΙ
896 1055 930 1114 71
959 1051 1082 1115 Paulus
1112 1053 1216 1115 virum
1238 1052 1410 1115 luciferum

269 1151 463 1243 (φωσφόρος
485 1149 580 1244 ἀνήρ)
600 1157 693 1242 quasi
719 1157 752 1219 in
773 1177 924 1220 scaenam
942 1155 1102 1240 produxit,
1127 1157 1180 1240 qui
1197 1157 1409 1240 periculosam

273 1262 423 1324 semitam
453 1260 538 1323 infra
575 1261 684 1346 ipsum
706 1260 842 1322 ‘tholum
873 1259 993 1322 factam
1023 1261 1093 1323 sine
1123 1267 1213 1322 metu
1242 1261 1410 1344 ingressus

271 1365 396 1428 lumina
418 1363 583 1438 accendit3
613 1364 667 1428 vel
689 1363 724 1426 ΙΙ
742 1366 912 1427 seo-504
942 1369 1090 1444 nautam,
1122 1365 1175 1448 qui
1199 1363 1275 1426 dum
1297 1364 1410 1428 relicto

273 1467 377 1530 Ponto
405 1471 500 1530 nocte
528 1488 587 1552 per
619 1465 804 1550 Bosporum
839 1467 975 1550 navigat
1003 1472 1059 1529 aut
1090 1488 1132 1531 ex
1161 1467 1298 1550 Aegaeo
1330 1467 1411 1530 mari

273 1591 332 1654 per
354 1569 606 1656 Hellespontum
634 1570 778 1648 vehitur,
803 1591 867 1632 non
892 1570 1060 1632 stellarum
1083 1569 1202 1633 auxilio
1227 1569 1285 1633 sed
1309 1570 1411 1632 oculis

274 1672 315 1735 ad
337 1693 477 1757 magnae
502 1672 663 1736 ecelesiae
692 1673 816 1735 lumina
840 1673 1006 1734 conversis
1029 1673 1287 1756 gubernaculum
1310 1672 1411 1755 regit;

274 1776 327 1838 vel
350 1775 462 1839 11105
487 1774 660 1860 Assyrium
684 1776 752 1839 sive
783 1773 943 1838 Celticum
967 1775 1081 1855 virum,
1106 1776 1161 1861 qui
1177 1777 1312 1840 arbores
1337 1797 1410 1838 suc-

276 1879 370 1954 cidit;
393 1881 446 1943 vel
470 1901 499 1945 a.
522 1884 580 1943 llll
605 1873 790 1962 λαοτόμους
813 1885 846 1943 et
868 1878 949 1942 alios
967 1880 1039 1943 aliis
1061 1880 1152 1947 locis.
1199 1879 1311 1944 Simile
1336 1879 1412 1964 quid

274 1984 306 2046 in
334 2004 364 2046 v.
386 1982 591 2067 linuasqq.
627 1990 819 2068 usurpatur,
854 1982 911 2045 ubi
944 1983 1065 2047 Paulus
1094 1985 1186 2049 varia
1215 2004 1411 2047 marmorum

275 2107 398 2170 genera
420 2085 591 2159 describit;
621 2086 767 2172 Aegypti
791 2086 877 2148 enirn
900 2087 984 2171 lapis
1007 2108 1190 2173 purpureus
1214 2106 1411 2150 commemo-

274 2195 365 2253 ratur
387 2190 478 2254 hisce
502 2190 630 2254 verbis:

895 2288 1000 2371 πολὺς
1022 2292 1050 2357 δ’
1074 2285 1214 2380 εὗπήχεϊ
1234 2289 1343 2378 Νείλῳ

432 2392 574 2484 (persida
596 2391 742 2484 πιλήσας
764 2391 960 2484 ποιαμήϊδα
984 2396 1067 2474 λᾶας
1090 2388 1230 2477 ἀνίσχων

432 2494 618 2587 πορφύρεος
639 2499 791 2565 λεπτοῖσι
814 2497 1029 2582 πεπασμένος
1051 2492 1191 2586 ἀστράσι
1214 2495 1350 2583 λάμπει.

278 2603 316 2666 cl.
341 2604 438 2666 etiam
462 2625 491 2668 v.
510 2607 571 2667 205
596 2609 629 2668 et
652 2603 745 2669 alios.

368 2707 545 2772 Praeterea
568 2707 768 2771 similibus
791 2707 878 2771 baud
901 2728 974 2771 raro
990 2707 1148 2770 immixtis
1165 2707 1286 2770 Paulus
1302 2727 1413 2770 narra-

277 2811 398 2873 tionem
433 2831 498 2874 non
532 2810 709 2873 iniucunde
743 2809 907 2892 distinxit,
944 2831 1080 2895 quorum
1115 2810 1272 2874 nonnulla
1305 2808 1414 2894 paullo

278 2915 469 2998 diligentius
493 2915 739 2999 perlustramus.
784 2913 823 2977 ln
839 2915 1020 2999 posteriore
1036 2914 1132 2999 primi
1148 2914 1222 2977 libri
1238 2912 1415 2998 prooemio,

279 3038 352 3080 cum
377 3017 581 3102 patriarchae
607 3018 869 3082 benevolentiam
893 3017 1089 3096 exoraverit,
1113 3016 1235 3079 Paulus
1259 3017 1330 3100 ipse
1355 3014 1414 3076 ali-

279 3143 376 3206 quem
400 3122 482 3185 haec
498 3121 662 3185 dicentem
678 3121 786 3203 fingit:
811 3141 868 3183 cur
892 3119 1111 3205 apatriarcha
1134 3119 1230 3203 petis,
1253 3124 1290 3180 ut
1312 3119 1415 3181 bene·

280 3225 373 3288 volus
403 3225 458 3304 sit,
490 3245 562 3287 cum
591 3243 721 3308 semper
749 3223 804 3286 ille
827 3223 873 3285 nil
896 3222 958 3284 nisi
981 3221 1246 3285 benevolentiam
1270 3221 1414 3283 clemen-

284 3327 427 3411 tiamque
457 3327 629 3412 praebeat;
660 3325 877 3389 nonne·idem
901 3325 992 3406 facis,
1023 3323 1109 3408 quod
1139 3324 1184 3402 is,
1211 3323 1265 3408 qui
1298 3345 1317 3387 a
1347 3323 1415 3386 sole

282 3437 392 3517 petat,
415 3437 451 3495 ut
475 3431 527 3495 die
552 3431 684 3507 oriatur,
709 3435 765 3492 aut
788 3451 807 3494 a
828 3430 912 3507 luce,
935 3435 971 3492 ut
993 3430 1103 3492 luceat
1125 3434 1211 3492 eto?
1256 3428 1416 3492 Nimirum

280 3535 398 3598 melius
430 3533 589 3599 celebrari
620 3555 684 3598 non
719 3540 858 3619 possunt
891 3533 951 3595 viri
979 3532 1175 3595 sanctissimi
1203 3533 1352 3598 virtutes.
1376 3569 1417 3578 -

280 3637 373 3701 1153
390 3658 474 3722 sqq:
499 3635 594 3700 Oculi
610 3636 706 3700 modo
730 3637 763 3700 in
780 3637 864 3700 hanc
881 3637 974 3700 modo
998 3637 1031 3698 in
1054 3637 1143 3700 illam
1160 3637 1274 3722 templi
1290 3643 1416 3723 partem

281 3741 500 3820 coniciuntur,
528 3740 618 3802 utin
641 3741 872 3804 amoenissima
895 3741 1046 3824 regione,
1077 3740 1134 3803 ubi
1158 3740 1254 3804 modo
1279 3742 1416 3818 caelum,

280 3843 375 3907 modo
399 3850 503 3928 prata,
526 3843 622 3907 moda
644 3845 749 3907 rivum
772 3850 830 3907 aut
851 3865 941 3908 mare
963 3845 1125 3908 intuemur
1147 3866 1207 3908 nec
1224 3850 1415 3909 saturamur.

283 3985 320 3995 -
345 3946 379 4010 ΙΙ
395 3951 473 4011 45οε
496 3947 721 4012 Lucernarum
744 3969 878 4027 corona,
908 3968 991 4032 quae
1014 3949 1094 4011 tholi
1117 3969 1206 4012 oram
1230 3947 1416 4026 circumdat,

282 4052 314 4114 in
345 4051 620 4138 comparationem
654 4057 790 4116 vocatur
825 4072 897 4115 cum
925 4051 1070 4134 fulgente
1098 4051 1226 4126 monili,
1261 4072 1325 4136 quo
1359 4071 1418 4113 rex

283 4153 368 4217 filiae
392 4156 511 4219 collum
529 4159 631 4217 ornat.
650 4154 944 4219 -11479-485:
969 4153 1063 4218 Alius
1088 4155 1188 4218 alium
1204 4153 1294 4218 aedis
1311 4155 1418 4217 locum

283 4259 387 4343 captis
410 4259 513 4321 oeulis
538 4257 729 4340 admiratur,
761 4259 858 4322 sicuti
885 4259 1027 4322 viatores
1057 4257 1139 4320 alius
1163 4257 1226 4321 alio
1250 4263 1337 4320 astro
1361 4256 1417 4320 de·

282 4365 452 4428 lactantur.
481 4397 522 4407 -
558 4362 596 4424 ln
632 4362 778 4428 ambonis
808 4363 1014 4448 praefatione
1044 4361 1089 4445 (v.
1119 4364 1155 4423 21
1181 4360 1265 4445 sqq.)
1295 4360 1417 4422 Paulus
