3224 4946
751 302 988 368 —lbl-

298 469 403 537 Panlo
432 469 642 538 antecedenti
670 473 894 560 adsignandns
927 483 993 550 est;
1021 475 1146 541 Paulus
1178 475 1264 542 enim
1287 469 1426 538 eiusdem

302 577 455 642 vocabuli
477 577 615 642 sormam
638 574 891 661 καϋιθὲμειλον
911 581 1082 666 usurpavit
1104 579 1148 665 (a.
1166 578 1221 664 76)
1234 579 1272 663 ¹).

385 679 504 744 Restat
533 685 570 743 ut
598 699 705 766 pauca
726 681 830 746 verba
852 682 893 747 de
914 682 1061 749 Ioanne
1084 683 1244 748 Gazaeo
1266 681 1427 746 faciamus.

297 781 395 848 Hunc
426 787 573 869 poetam,
602 803 667 868 quo
698 785 805 849 nullus
833 785 915 850 alius
938 785 1129 851 Nonnianus
1157 787 1304 850 oratione
1331 782 1429 867 magis
1541 772 1543 805 ³

297 885 410 950 inflata
441 887 593 967 excellit,
621 886 704 952 duos
733 888 962 975 descriptionis
989 891 1091 954 libros
1119 890 1161 955 de
1190 889 1303 954 tabula
1324 884 1431 952 mundi
1543 872 1544 893 ¹

297 993 373 1072 post
394 987 490 1053 Pauli
520 989 695 1076 euphrasin
718 992 888 1078 scripsisse
911 993 1049 1058 Abelins
1076 995 1110 1058 in
1133 993 1286 1058 editionis
1308 989 1455 1077 praela.

298 1091 387 1155 tione
404 1091 585 1168 contendit;
610 1114 673 1158 nec
688 1091 854 1180 discrepat
868 1117 943 1160 mea
959 1097 1123 1162 sententia
1138 1118 1212 1162 cum
1234 1095 1303 1176 illa,
1323 1112 1433 1179 quam·
1545 1110 1546 1149 1

300 1216 398 1281 quam
427 1195 525 1261 certis
552 1197 752 1282 argumentis
780 1219 853 1264 eam
886 1201 1080 1265 confirmare
1107 1221 1246 1286 nequeo.
1297 1195 1433 1262 Omnino

301 1305 411 1364 autem
427 1299 600 1365 refutanda
612 1307 688 1365 sunt
700 1309 895 1388 argumenta
909 1303 1030 1384 Abelii,
1046 1303 1101 1389 qni
1118 1303 1196 1368 dicit
1211 1302 1330 1390 (prael.
1343 1323 1374 1386 p.
1387 1299 1434 1384 ‘1):

299 1423 427 1489 „neque
458 1404 635 1469 verisimile
670 1405 750 1470 milri
786 1406 917 1471 uidetur
948 1428 1023 1471 enm
1059 1406 1118 1491 (sc.
1151 1405 1328 1489 Ioannem)
1362 1407 1435 1467 ante
1552 1484 1553 1500 χ

299 1505 438 1572 Paulum
462 1505 685 1571 Silentiarinm
713 1507 812 1572 medii
842 1509 929 1575 sexti
952 1532 986 1596 p.
1002 1507 1079 1576 chr.
1101 1530 1133 1576 n.
1158 1510 1283 1575 saeculi
1306 1513 1436 1594 poetam

302 1612 460 1678 floruisse.
510 1611 633 1676 Paulus
671 1612 758 1676 enim
791 1613 882 1676 solus
917 1614 1061 1676 omnium
1095 1612 1204 1678 Nonni
1237 1614 1437 1678 imitatorum

300 1715 361 1779 hoc
389 1735 463 1780 cum
493 1714 618 1780 Ioanne
647 1713 780 1780 Gazaca
809 1735 981 1782 commune
1010 1717 1127 1799 habet,
1165 1717 1251 1803 qnod
1280 1715 1379 1782 ambo
1406 1714 1438 1778 in

301 1818 504 1904 ecphroseon
527 1838 650 1904 genere
673 1839 748 1884 sese
769 1825 965 1886 exercentes
983 1822 1151 1906 prooemia
1166 1821 1309 1886 iambico
1333 1823 1437 1884 metro
1549 1802 1557 1847 ¹¹

301 1922 422 2009 scripta
443 1922 573 2007 utrique
596 1923 748 1988 carminis
770 1924 856 2010 parti
877 1926 1130 2010 praemiserunt;
1154 1945 1219 2011 qna
1240 1944 1283 1988 ox
1306 1945 1343 1990 re
1367 1939 1439 1986 eum

301 2047 402 2091 unum
416 2026 555 2090 alterum
571 2026 732 2091 imitatum
746 2048 821 2092 esse
837 2028 1030 2093 concludere
1046 2027 1237 2106 debeamus,
1253 2027 1342 2092 baud
1355 2024 1441 2092 veri-

302 2131 408 2196 simile
424 2153 499 2196 esse
516 2131 595 2196 mihi
609 2128 739 2197 videtur
753 2133 956 2218 praeclarum
975 2134 1070 2198 aulae
1087 2134 1198 2218 regiae
1215 2131 1441 2200 silentiarium

302 2234 342 2300 ad
356 2235 544 2321 exemplum
561 2235 693 2300 obscuri
706 2236 876 2301 cuiusdam
893 2237 1096 2322 grammatici
1108 2257 1240 2301 carmen
1251 2233 1440 2322 punxisse.“

389 2338 435 2402 Ut
467 2340 725 2424 praetermittam
753 2340 850 2404 huius
878 2341 1062 2426 argumenti
1090 2341 1274 2420 levitatem,
1308 2338 1441 2406 omnino

302 2463 367 2506 non
389 2443 492 2528 probo
516 2443 658 2528 priorem
681 2443 770 2508 illam
794 2445 1045 2509 conclusionem.
1089 2442 1174 2508 Nam
1198 2442 1443 2529 quodpropter
1564 2519 1565 2538 Χ

304 2545 393 2610 solas
421 2545 579 2610 iambicas
606 2545 829 2632 praelationes
856 2546 986 2631 utrique
1009 2545 1144 2610 carmini
1167 2545 1376 2633 praepositas
1400 2544 1441 2609 de

303 2649 485 2714 imitatione
517 2649 639 2734 cogitat
667 2649 716 2712 vir
744 2648 875 2731 doctus,
906 2671 1037 2736 prorsus
1062 2669 1137 2716 eum
1159 2649 1244 2734 fugit
1267 2649 1327 2714 bas
1350 2650 1441 2736 ipsas

304 2754 368 2819 illis
392 2752 523 2840 quidem
539 2752 742 2840 temporibus
765 2753 799 2818 in
815 2774 906 2820 more
922 2751 1024 2819 fnisse
1039 2752 1310 2840 Byzantinorum.
1354 2751 1442 2816 Nam

303 2856 466 2942 Agathias
489 2877 618 2943 quoque
643 2861 769 2943 septem
793 2855 886 2923 libris
908 2857 1180 2945 epigrammatum
1202 2875 1322 2943 poema
1344 2874 1441 2940 prae-

303 2961 408 3040 mis-it,
442 2959 533 3026 cuins
563 2958 651 3046 prior
673 2981 750 3048 pars
774 2981 816 3025 ex
838 2961 995 3026 trimetris
1018 2959 1167 3025 iambicis
1191 2963 1331 3024 constat.
1377 2955 1442 3040 (ef.

304 3064 345 3130 A.
368 3063 406 3131 P.
429 3063 478 3129 IV
498 3062 673 3148 3,1-4o.)
726 3061 834 3129 Etiam
867 3061 1113 3129 Christodorum
1141 3063 1175 3126 iu
1208 3061 1442 3148 descriptione,

305 3190 389 3254 quae
413 3189 455 3232 an
478 3189 541 3232 non
557 3166 686 3252 integra
703 3165 798 3234 nobis
813 3166 934 3232 tradita
958 3168 1010 3249 sit,
1031 3168 1154 3254 optimo
1176 3165 1247 3230 iure
1264 3163 1441 3244 dubitatur,

304 3271 470 3359 prooemio
494 3269 634 3337 iambico
658 3271 831 3338 audientes
855 3269 1018 3337 salutasse
1047 3269 1310 3354 Baumgartenus
1335 3268 1442 3353 suspi-

307 3380 398 3441 catur
421 3376 466 3464 (p.
484 3378 527 3460 8).
579 3373 756 3441 Praeterea
777 3373 931 3456 Abelius,
955 3374 1109 3462 quoniam
1133 3379 1209 3440 ante
1233 3392 1354 3436 annum
1377 3374 1440 3435 540

307 3481 440 3548 Ioannis
465 3477 596 3544 carmen
612 3475 779 3543 conditum
802 3499 875 3545 esse
892 3477 1060 3544 existimat
1071 3475 1109 3562 ²),
1131 3476 1230 3563 priori
1245 3475 1349 3562 ipsius
1363 3495 1441 3563 sen-

308 3587 433 3653 tentiae
465 3587 645 3670 repugnat;
680 3601 756 3647 nam
791 3581 931 3648 Paulum
966 3579 1140 3670 ecpbrasin
1174 3599 1238 3646 non
1272 3577 1442 3666 scripsisse

308 3697 384 3757 ante
403 3707 523 3756 annum
538 3687 600 3752 563
617 3707 661 3752 ex
677 3687 735 3770 eis,
753 3705 836 3773 quae
852 3707 950 3775 supra
963 3687 1186 3772 exposuimus,
1202 3684 1281 3751 satis
1296 3687 1442 3771 apparet.

270 3863 273 3870 ,
307 3795 391 3860 Toto
421 3811 544 3880 genere
572 3787 795 3874 describendi,
819 3787 905 3875 quod
928 3811 948 3854 a
971 3787 1175 3854 Christodon
1200 3793 1233 3854 et
1254 3785 1350 3852 Pauli
1373 3789 1443 3850 arte

308 3895 403 3963 valde
426 3895 591 3977 abhorret,
615 3899 714 3980 atque
737 3899 863 3959 tumore
879 3893 1052 3959 verborum
1069 3913 1201 3980 prorsus
1223 3912 1288 3956 non
1308 3887 1443 3955 ferendo

308 3999 514 4012 -n--u--t-

397 4035 418 4104 ¹)
437 4033 477 4088 ef.
501 4031 587 4086 etiam
614 4028 848 4101 praestantissimi
870 4028 1007 4100 Scaligeri
1030 4027 1116 4083 verba
1138 4028 1156 4082 l.
1174 4026 1191 4080 l.
1211 4024 1317 4090 „Huius
1335 4023 1443 4079 Musaei

308 4123 359 4176 aut
376 4119 502 4190 aequalis
521 4121 645 4174 autnon
663 4118 752 4172 multo
771 4117 909 4187 posterior
926 4115 1119 4172 Silentian'us“
1139 4115 1191 4168 eto.

398 4209 419 4278 ²)
437 4207 476 4262 ef.
497 4205 626 4260 Abelimn
644 4221 671 4274 p.
683 4203 729 4258 11:
757 4203 902 4270 „Fortasse
921 4205 987 4259 ante
1006 4219 1110 4257 annum
1128 4200 1181 4256 540
1197 4215 1224 4266 p.
1243 4197 1305 4251 Chr.
1324 4213 1365 4260 n.‚
1388 4213 1443 4264 quo

311 4293 462 4348 Antiochia
480 4309 497 4346 c
515 4291 635 4346 (llrosrot
659 4288 786 4344 funditus
812 4307 907 4345 eversa
930 4292 973 4344 est
990 4291 1019 4342 et
1038 4287 1123 4341 etiam
1141 4285 1267 4339 thermae
1285 4281 1443 4335 destructae

310 4395 369 4434 esse
387 4378 526 4440 videntur,
544 4375 656 4430 loannis
673 4377 737 4428 Gor..
757 4392 867 4429 carmen
887 4373 1072 4442 conscriptum
1093 4387 1151 4424 esse
1168 4371 1201 4422 ut
1218 4369 1383 4431 statuamus,
1401 4367 1444 4420 in·

310 4465 466 4518 doeemur.“
