3252 4954
695 308 886 365 ..4-

222 477 379 562 loquitur,
406 483 443 540 ut
472 497 546 540 eum
574 477 685 540 vivere
718 476 826 540 statim
856 481 1028 562 appareat;
1066 477 1149 539 sicut
1181 476 1216 538 in
1249 473 1357 560 priore

222 582 390 666 prooemio
421 579 576 660 iambic0,
610 578 695 664 quod
718 581 822 664 primo
846 579 1011 643 antecedit
1035 579 1134 660 libre,
1159 579 1271 642 autin
1294 578 1358 640 fine

224 684 360 748 secundi
382 683 457 746 libri
479 689 537 746 aut
560 687 701 746 exeunte
720 681 868 746 ambonis
886 681 1104 767 descriptione
1115 683 1150 767 1).
1196 681 1358 744 Nimirum

222 789 294 874 ipsa
328 787 461 850 nomina
501 807 677 870 numquam
710 785 921 850 inveniuntur
957 807 1018 850 nec
1049 786 1269 872 imperatoris,
1305 784 1359 868 qui

225 912 355 976 semper
388 890 608 977 σκηπτοῦχος,
639 883 810 973 βασιλεύς,
847 881 929 968 ἅναξ
958 895 1018 954 eto.
1054 891 1254 975 appellatur,
1297 909 1358 952 nec

224 993 416 1058 Theodorae
432 993 659 1079 imperatricis,
677 1014 771 1077 quam
789 998 951 1056 mortuam
973 993 1006 1055 in
1022 1014 1073 1055 vv.
1089 995 1214 1056 58-65
1233 991 1357 1077 primae

223 1097 434 1184 praefationis
446 1095 604 1160 iambicae
621 1097 743 1160 Paulus
764 1095 915 1159 laudibus
929 1097 1116 1176 cumulavit,
1133 1093 1359 1178 necllutyohii

224 1200 449 1286 patriarchae,
482 1201 536 1284 qui
568 1204 600 1262 et
628 1200 698 1284 ipse
728 1199 950 1284 compluribus
979 1199 1074 1262 huius
1100 1199 1252 1262 carminis
1276 1199 1357 1262 locis

226 1307 498 1370 commemoratur
526 1308 558 1366 et
577 1303 753 1388 praecipue
773 1303 807 1364 in
823 1302 906 1365 libro
927 1301 1034 1365 11561
1054 1323 1122 1387 sqq.
1140 1301 1357 1388 praedicatur.

223 1409 307 1472 Nam
323 1409 429 1471 virum
451 1407 554 1488 illum,
579 1427 675 1490 quem
698 1406 760 1468 hoc
783 1407 854 1470 loeo
871 1427 952 1470 voce
968 1401 1090 1494 πατήρ,
1107 1406 1124 1468 Ι
1140 1409 1194 1469 211
1226 1397 1357 1493 ἆρητήρ,

223 1519 260 1576 ut
281 1513 364 1576 haec
388 1511 539 1596 exempla
561 1531 758 1596 proponam,
791 1510 949 1574 nominari
972 1509 1137 1590 videmus,
1161 1509 1358 1594 Eutychium

224 1637 297 1680 csse
331 1637 403 1678 cum
427 1614 638 1698 Theophanis
660 1614 864 1692 testimonio,
895 1619 964 1677 tum
989 1613 1122 1677 alterius
1147 1613 1358 1698 praefationis

223 1719 381 1784 iambicae
405 1719 466 1782 hao
488 1718 762 1803 superscriptione
776 1718 1032 1781 demonstratur:
1057 1714 1175 1800 ἐλέχθη
1197 1711 1239 1780 sd
1254 1711 1358 1780 λοιπὰ

223 1821 256 1886 ἐν
281 1823 329 1908 τῷ
352 1816 560 1906 ἑπισκοπείῳ
588 1817 646 1884 ἐπὶ
664 1812 823 1900 Εὗτνχίον
854 1820 914 1884 rori
937 1813 1120 1904 ἁγιωτάτων
1143 1815 1376 1905 mercurioque:

311 1943 377 2007 Sed
399 1943 528 2006 etiamsi
544 1942 627 2006 haee
641 1942 829 2006 testimonia
842 1963 884 2006 ex
898 1941 1118 2027 descriptione
1132 1943 1226 2006 Pauli
1242 1942 1359 2006 hausta

223 2047 317 2110 nohis
340 2067 406 2110 uon
428 2046 462 2108 in
477 2051 629 2131 promptu
644 2051 763 2125 essent,
787 2051 897 2110 tamen
921 2046 986 2109 iam
1003 2046 1081 2108 satis
1106 2045 1191 2109 clare
1215 2050 1358 2108 aetatem

224 2156 344 2234 poetae
369 2170 642 2234 cognosceremus
666 2149 862 2213 examinatis
887 2149 1004 2213 ceteris
1030 2149 1243 2228 carminibus,
1275 2169 1358 2232 quae

223 2258 285 2321 sub
309 2257 404 2320 Pauli
429 2255 605 2319 Silentiarii
629 2256 759 2318 nomine
789 2256 821 2317 iu
845 2255 1043 2339 Anthologia
1062 2255 1214 2319 Palatina
1241 2255 1360 2318 tradita

223 2367 308 2424 sunt.
356 2360 482 2434 Quibus
512 2359 552 2422 de
578 2360 839 2444 epigrammatis,
869 2360 944 2443 quia
968 2380 1078 2423 eorum
1113 2360 1234 2423 auxilio
1265 2359 1361 2422 Pauli

222 2469 372 2548 tempora
411 2463 607 2527 certioribus
646 2463 849 2547 aliquantulo
884 2463 1002 2526 finibus
1042 2464 1360 2546 circumscribuntur,

222 2588 308 2630 nunc
331 2564 556 2630 disserendum
580 2571 640 2629 cst.

310 2687 472 2750 Discimus
512 2686 597 2749 enim
627 2685 678 2748 his
706 2687 868 2770 poematis
896 2687 1034 2750 Paulum
1068 2689 1181 2752 intima
1216 2690 1360 2753 amicitia

224 2791 432 2855 coniunctum
447 2789 549 2852 fuisse
567 2810 639 2852 oum
654 2789 915 2874 praeclarissimo
931 2791 987 2854 illo
1004 2791 1185 2876 Byzantino
1200 2795 1358 2878 scriptore

223 2895 378 2958 historico
403 2898 435 2956 et
457 2898 572 2978 poeta,
602 2891 781 2978 Agathia
804 2893 1071 2958 Scholastica
1125 2895 1188 2970 Qui
1216 2898 1264 2960 vir
1288 2919 1357 2960 car-

222 2999 309 3062 mine
333 2998 373 3062 A.
391 2995 428 3061 P.
452 2996 482 3059 V
505 2997 586 3076 292,
614 2997 701 3080 quod
729 2997 770 3060 ad
801 2998 939 3061 Paulum
967 2999 1102 3062 missum
1131 3021 1203 3063 esse
1233 3022 1275 3064 ex
1298 3001 1359 3064 hoc

223 3104 377 3166 lemmate
401 3106 492 3186 patet
516 3092 680 3184 'Ayadr‘ov
697 3101 919 3182 Σχολασνικοῢ
934 3101 1038 3187 πέραν
1060 3105 1119 3191 τῆς
1134 3099 1263 3181 πόλεως
1285 3099 1359 3169 διά-

222 3180 334 3289 donoc
364 3198 420 3266 dni
449 3196 491 3266 τὰ
518 3197 641 3284 λύσιμα
667 3204 731 3266 νῶν
753 3199 860 3287 νόμων
873 3205 899 3290 ²)
929 3199 1173 3293 ὓπομνησνικόν
1202 3205 1359 3294 πεμφθὲν

222 3301 307 3388 πρὸς
330 3305 463 3369 Παῦλον
481 3299 709 3391 Σιλεντιάριον,
734 3308 889 3391 queritur,
913 3309 999 3394 quod
1022 3311 1136 3395 procul
1160 3333 1195 3374 sc
1220 3333 1293 3375 esse
1318 3311 1358 3374 ab

223 3411 333 3472 amieis
348 3415 506 3494 oporteat.
541 3405 745 3493 Quamquam
758 3411 989 3476 amoenissima
1006 3413 1039 3476 in
1055 3415 1187 3498 regione
1199 3421 1357 3493 versetur,

222 3521 331 3577 tamen
355 3513 499 3576 maximo
524 3533 559 3575 se
576 3514 688 3576 vexari
710 3514 871 3578 desiderio
898 3522 931 3580 et
953 3518 1048 3581 amici
1071 3523 1103 3580 et
1118 3519 1259 3603 puellae.
1306 3518 1358 3581 Ad

222 3617 303 3680 haec
344 3615 520 3702 respondet
554 3615 677 3679 Paulus
711 3616 752 3679 A.
781 3617 820 3683 P.
859 3619 1008 3704 proximo
1048 3626 1200 3704 poemate
1234 3621 1265 3683 V
1296 3624 1356 3684 293

225 3723 389 3804 (Lemma
417 3712 616 3805 ἀντίγραφον
639 3715 697 3783 ἐπὶ
720 3721 761 3808 τῇ
783 3713 865 3808 αὐτῇ
890 3720 1052 3787 ὑποθέσει
1075 3719 1160 3808 πρὸς
1182 3719 1238 3787 τὸν
1261 3720 1358 3810 φίλον

218 3819 408 3912 Myndius).
456 3824 490 3888 Si
506 3825 616 3907 legum
634 3843 712 3888 cura
729 3833 889 3906 arceatur,
914 3827 1054 3892 amioum
1071 3850 1136 3892 non
1153 3849 1231 3892 vero
1248 3850 1356 3892 amore

310 4067 330 4132 ¹)
350 4065 429 4119 Hanc
448 4065 522 4119 enim
541 4065 669 4120 continet
687 4063 772 4119 tertia
790 4081 854 4134 pars
873 4064 1003 4118 carminis
1022 4066 1142 4121 Paulini.

311 4151 331 4216 ²)
350 4150 409 4204 Hoc
432 4151 492 4205 looc
517 4151 551 4205 de
570 4151 698 4204 examine
717 4151 839 4218 quodam
857 4149 1081 4218 iurisperitorum
1099 4153 1280 4221 cogitandum
1300 4169 1357 4206 esse

220 4252 283 4289 mea
306 4235 420 4303 quidem
446 4238 587 4291 sententia
610 4240 685 4292 recte
706 4237 779 4290 vidit
802 4237 973 4291 Niebuhrius
998 4238 1037 4306 (in
1063 4239 1104 4293 cd.
1128 4240 1215 4293 Bonn.
1240 4258 1267 4308 p.
1293 4240 1358 4293 XVI

221 4323 285 4377 adn.
298 4325 325 4392 9)
345 4327 507 4393 comparata
519 4342 586 4379 voce
602 4325 688 4390 λύταν,
707 4341 764 4393 qua
776 4323 967 4378 adulescentes
987 4325 1139 4394 significari
1156 4326 1292 4392 solebant,
1308 4325 1356 4394 qui

220 4412 276 4466 iam
295 4414 430 4480 quattuor
448 4429 498 4482 per
515 4431 603 4468 annos
621 4415 716 4483 legum
735 4413 836 4467 studiis
855 4430 884 4467 se
902 4413 1046 4468 dederant.
