3224 4946
673 301 887 362 ,67-

302 471 341 534 In
367 472 447 538 arsi
469 493 511 535 ex
535 471 586 535 his
609 471 788 551 vocabulis,
809 491 892 554 quae
916 470 1008 535 brevi
1028 471 1132 534 vooali
1149 471 1352 550 clauduntur,

216 575 443 660 monosyllaba
475 582 600 640 tantum
633 582 665 640 et
694 576 854 640 vocabula
882 576 1068 662 pyrrhichio
1091 577 1124 640 in
1147 576 1231 661 pede
1254 575 1297 640 II.
1322 582 1354 640 et

217 679 286 761 IV,
310 700 486 762 numquam
511 680 544 742 in
575 679 637 743 ΙΙΙ.
662 681 885 765 producuntur
914 681 1029 764 (semel
1058 682 1123 745 tale
1156 681 1353 765 monosylla-

218 783 295 847 bum
318 783 352 846 in
376 783 440 846 arsi
463 783 503 848 V.
528 783 622 868 stat);

255 957 257 962 ,
306 908 389 970 quae
425 892 548 950 exeunt
579 887 612 950 in
640 910 675 950 αι
700 892 733 950 et
755 909 799 967 os,
824 892 857 950 at
880 907 1052 970 quaauna
1075 886 1266 950 consonanti
1288 891 1354 948 ter-

219 991 397 1070 minantur,
429 990 576 1053 ultimam
606 989 790 1076 producunt
819 990 1083 1074 frequentissime
1109 990 1142 1052 in
1166 990 1230 1053 arsi
1253 988 1296 1054 ΙΙ.
1323 995 1356 1052 et

219 1092 277 1158 IV.
302 1093 389 1178 (raro
414 1093 449 1156 in
470 1091 532 1159 ΙΙΙ.
556 1099 589 1156 et
612 1091 684 1176 V.),
707 1092 934 1176 monosyllaba
962 1093 994 1155 in
1027 1092 1176 1156 omnibus
1206 1093 1355 1178 pedibus.

221 1196 287 1260 Sed
311 1198 412 1259 multo
438 1197 569 1281 saepius
592 1196 753 1260 vocabula
775 1196 962 1281 pyrrhichio
991 1216 1087 1280 quam
1111 1197 1278 1260 trochaica
1301 1201 1357 1259 aut

223 1300 393 1385 trisyllaba
416 1299 638 1384 producuntur
660 1306 795 1385 propter
818 1321 948 1364 severas
971 1301 1064 1383 leges
1088 1299 1291 1384 spondaicas.

309 1403 348 1466 In
383 1403 490 1467 thesi
526 1409 636 1467 autem
658 1403 885 1488 monosyllaba
916 1404 948 1467 in
971 1403 1056 1488 pede
1087 1404 1113 1466 I.
1137 1409 1170 1468 et
1192 1403 1251 1483 IL,
1280 1405 1356 1489 quin

223 1507 321 1570 etiam
345 1507 378 1570 in
401 1505 485 1592 pede
509 1506 568 1570 IV.
592 1506 827 1591 producuntur;
860 1507 1021 1570 voeabula
1043 1507 1208 1571 trochaica
1230 1508 1263 1570 in
1287 1509 1357 1571 solo

147 1633 156 1648 ·
222 1610 305 1696 pede
328 1610 374 1688 I.,
399 1609 457 1674 sed
480 1610 548 1673 fere
572 1631 763 1694 numquam,
787 1611 813 1673 si
838 1616 960 1674 exeunt
983 1611 1016 1672 in
1040 1610 1174 1674 brevem
1198 1611 1357 1676 vocalem.

308 1717 338 1778 6.
371 1713 442 1776 Iam
470 1715 511 1778 de
540 1713 754 1800 productione
785 1715 860 1794 illa,
893 1735 976 1798 quae
1008 1719 1115 1778 muta
1145 1721 1182 1778 et
1205 1715 1359 1800 liquida

224 1817 372 1898 efficitur,
389 1817 561 1882 dicendum
587 1824 647 1882 est.
692 1818 818 1881 Horum
837 1819 920 1881 enim
938 1819 1187 1882 consonantium
1205 1819 1358 1881 coniunc-

223 1923 347 1985 tionem
370 1922 453 1986 alius
478 1922 646 1985 cuiusdam
669 1921 821 2007 ponderis
852 1943 924 1986 esse
956 1942 1051 2005 quam
1074 1927 1258 1986 ceterorum
1282 1943 1359 1985 oon-

225 2025 436 2088 sooiationem
467 2046 571 2110 eaque
604 2025 679 2089 oriri
710 2024 866 2104 debilem,
890 2043 974 2108 quae·
1003 2024 1137 2103 dieitur,
1167 2025 1360 2110 positionem

225 2129 373 2192 omnibus
390 2129 597 2192 notissimum
615 2133 676 2195 est.
720 2129 816 2192 Nune
834 2134 944 2192 autem
960 2127 1000 2192 de
1018 2129 1150 2213 syllabis
1167 2150 1232 2192 non
1257 2130 1361 2192 solum

224 2232 256 2293 in
278 2231 424 2296 confiniis
441 2233 626 2313 verborum,
650 2232 707 2296 sod
731 2233 831 2296 etiam
854 2232 886 2294 in
910 2231 987 2316 ipsis
1004 2230 1111 2295 verbis
1133 2231 1179 2294 ita
1194 2231 1361 2316 productis

224 2335 319 2398 nobis
344 2334 569 2400 disserendum
594 2336 666 2401 erit.

309 2437 363 2502 Ad
391 2439 477 2504 hunc
508 2439 754 2504 Nonnianorum
776 2459 872 2502 usum
895 2437 1101 2502 tractandum
1128 2439 1182 2523 qui
1206 2438 1357 2523 adgredi-

223 2547 293 2624 tur,
317 2564 391 2606 eum
414 2543 578 2628 proficisci
601 2548 732 2630 oportet
759 2543 876 2626 alege
899 2561 999 2626 saepe
1023 2541 1155 2605 laudata
1178 2539 1361 2606 Arthurii

224 2645 429 2730 Ludwioh,
457 2667 554 2733 quem
583 2669 648 2712 non
681 2648 784 2712 semel
808 2647 929 2732 optime
953 2646 992 2710 de
1008 2643 1117 2709 Nonni
1141 2651 1211 2708 arte
1228 2647 1362 2709 metrica

225 2751 377 2814 meritum
400 2771 473 2815 esse
498 2757 635 2816 constat.
680 2751 720 2814 In
736 2749 905 2835 symbolae
922 2749 1054 2812 criticae
1078 2769 1109 2833 p.
1130 2750 1166 2810 13
1192 2749 1273 2812 haee
1291 2749 1361 2812 fere

226 2853 309 2917 dixit
331 2855 380 2917 vir
402 2854 535 2919 doctus:
559 2855 686 2940 syllaba
708 2876 750 2919 m.
767 2853 837 2917 etl.
860 2853 1021 2939 producta
1044 2873 1109 2916 non
1126 2857 1190 2914 stat
1213 2851 1246 2914 in
1266 2852 1362 2929 thesi,

228 2957 286 3020 sed
310 2957 409 3021 ictum
437 2979 552 3023 versus
585 2980 658 3022 eam
682 2957 830 3043 accipere
854 2977 992 3021 necesse
1022 2961 1128 3020 estet
1152 2961 1228 3019 ante
1250 2975 1361 3018 mono-

229 3060 355 3145 syllaba
377 3068 434 3125 aut
457 3061 619 3147 disyllaba
643 3067 675 3124 et
698 3062 732 3124 in
755 3059 835 3146 ipsis
859 3059 1092 3143 monosyllabis
1115 3057 1364 3142 disyllabisque.

227 3161 319 3235 Quae
351 3164 406 3228 lex
440 3187 460 3229 a
492 3164 756 3229 Scheindlero
786 3163 818 3226 in
854 3167 980 3248 quaest.
1009 3161 1115 3225 Noun.
1143 3161 1212 3246 Ip.
1235 3165 1270 3223 15
1295 3183 1363 3246 sqq.

228 3264 350 3350 (progr.
367 3266 485 3352 Gymn.
500 3267 683 3356 Brunnens.
700 3268 796 3348 1878)
820 3266 929 3329 multis
952 3265 1112 3350 exemplis
1130 3265 1364 3342 corroboratur,

228 3370 306 3452 quin
341 3371 457 3451 etiam,
488 3371 595 3456 quoad
627 3377 756 3457 spectat
786 3369 826 3434 ad
856 3369 999 3454 syllabas
1031 3368 1157 3447 finales,
1182 3368 1365 3432 accuratius

232 3477 439 3540 constituitur
461 3476 553 3541 hisee
576 3476 685 3541 verbis
710 3475 753 3562 (p.
774 3475 845 3557 21);
875 3478 987 3555 „muta
1016 3477 1049 3536 et
1071 3471 1192 3556 liquida
1218 3473 1251 3534 in
1273 3472 1365 3534 initio

230 3579 321 3643 verbi
353 3580 480 3664 positae
504 3581 637 3645 brevem
664 3579 824 3664 syllabam
847 3599 912 3642 non
934 3575 1131 3662 producunt,
1161 3577 1222 3639 nisi
1244 3576 1277 3639 in
1301 3575 1366 3638 arsi

232 3683 327 3768 pedis
352 3681 377 3746 I.
404 3684 457 3748 vel
479 3683 524 3750 II.
549 3685 600 3748 vel
623 3683 704 3748 IV“.
754 3682 816 3746 His
840 3687 950 3745 autem
974 3680 1007 3742 in
1029 3678 1168 3764 pedibus
1191 3678 1274 3742 haee
1297 3679 1367 3742 sola

231 3786 333 3850 verba
361 3787 495 3871 produci
520 3786 598 3850 dicit
622 3785 852 3850 Scheindlerus
876 3783 924 3868 (p.
943 3780 1008 3867 21),
1033 3800 1114 3866 quae
1139 3801 1211 3844 oum
1227 3801 1366 3865 sequen-

230 3889 317 3953 tibus
349 3890 511 3954 artissime
544 3890 752 3954 cohaereant.
800 3887 890 3969 „Neo
914 3906 1013 3950 eausa
1044 3885 1171 3948 incerta
1198 3890 1262 3959 est;
1292 3904 1368 3946 nam

232 3991 403 4077 produotio
431 3993 483 4058 his
513 3994 593 4058 loois
617 3993 806 4057 sublevatur
829 3989 971 4056 caesuris
997 3987 1098 4073 (caes.
1123 3988 1226 4053 trooh.
1249 3987 1311 4052 ΙΙΙ.
1336 3993 1369 4051 et

231 4095 368 4181 buool.);
401 4097 517 4182 quibus
542 4119 615 4162 oum
639 4099 895 4182 interrumpatur
917 4114 1032 4158 versus
1056 4093 1194 4171 flumen,
1219 4091 1368 4170 efficitur,

230 4207 267 4264 ut
290 4207 323 4265 et
346 4222 430 4285 quae
457 4222 615 4266 caesurae
639 4205 902 4276 antecesserunt,
936 4203 970 4262 et
997 4217 1081 4282 quae
1106 4201 1280 4274 secuntur,
1303 4218 1369 4260 uno

161 4297 164 4306 ’
234 4305 328 4388 quasi
352 4305 468 4391 spiritu
486 4306 714 4370 contineantur
737 4323 841 4389 eaque
865 4325 901 4367 re
924 4301 1036 4382 verba,
1059 4320 1144 4384 quae
1166 4300 1232 4364 iarn
1255 4306 1371 4364 natura

235 4410 320 4474 inter
343 4431 379 4472 se
404 4429 530 4474 conexa
553 4416 587 4472 et
606 4409 757 4494 copulata
781 4413 873 4486 sunt,
901 4405 947 4468 ita
971 4403 1065 4488 quasi
1093 4410 1370 4487 coagmentantur,

1179 4503 1216 4558 5*
