3252 4954
696 293 908 352 ..21-

227 460 338 523 statim
369 461 564 543 negabimus
588 461 747 526 curiosius
777 467 967 547 comparata
1000 469 1138 548 utraque
1169 465 1366 529 narratione.

226 563 406 650 Procopius
430 565 518 628 enim
542 564 701 630 accidisse
724 565 798 628 illas
822 565 1027 630 calamitates
1051 567 1116 630 iam
1140 567 1189 630 eis
1209 567 1365 653 tempori-

226 668 308 748 bus,
341 669 459 752 quibus
490 669 673 734 aedificium
708 668 850 733 nondum
879 668 1005 732 finitum
1036 675 1142 750 esset,
1172 670 1295 736 diserte
1328 693 1367 738 ac

226 771 324 856 plane
355 771 434 835 dicit
443 796 451 848 ;
480 772 521 837 cf.
555 791 638 857 quae
672 772 713 836 de
747 792 826 836 arcu
864 777 1159 836 commemorantur
1191 795 1223 859 p.
1248 775 1317 854 ¹80,
1336 777 1367 838 4.

227 874 355 938 Deinde
371 896 391 938 a
405 875 567 961 Procopio
584 875 734 939 audimus
751 875 850 940 etiam
867 873 949 939 duos
966 875 1048 939 alios
1065 896 1160 940 arcus
1175 877 1209 940 in
1228 875 1366 942 eandem

227 978 382 1044 incidisse
412 979 649 1053 calamitatem,
679 977 720 1042 de
750 978 868 1064 quibus
897 977 984 1064 apud
1006 977 1145 1042 Paulum
1177 1000 1219 1044 ne
1243 982 1366 1046 mentio

227 1082 361 1166 quidem
392 1082 438 1146 fit.
491 1081 646 1161 Accedit,
677 1082 764 1166 qnod
797 1082 883 1167 apud
915 1082 1114 1168 Procopium
1148 1104 1214 1148 non
1247 1084 1368 1170 legitur

227 1193 336 1252 terrae
352 1193 461 1252 motus
478 1208 594 1252 causas
610 1188 747 1273 periculi
762 1188 875 1267 fuisse,
900 1189 955 1274 qui
971 1189 1100 1254 etiamsi
1119 1209 1183 1253 non
1200 1191 1367 1276 expressis

228 1291 339 1355 verbis
373 1312 393 1354 a
420 1291 524 1355 Paulo
557 1291 780 1373 declarantur,
814 1297 924 1356 tamen
958 1313 1000 1356 ex
1027 1293 1176 1358 versibus
1205 1292 1366 1360 Ius-58

228 1395 307 1459 satis
337 1395 584 1480 intelleguntur.
633 1395 748 1481 Neque
779 1396 865 1460 enim
897 1401 1028 1480 egomet
1061 1402 1141 1482 puto
1164 1396 1305 1462 Paulum
1334 1397 1366 1462 id

227 1503 353 1562 tantum
383 1499 508 1584 egisse,
543 1505 580 1564 ut
613 1500 661 1564 eis
700 1501 826 1563 ruinam
856 1499 945 1562 illam
973 1499 1007 1562 in
1037 1500 1142 1564 maius
1174 1499 1365 1576 extolleret;

227 1621 303 1664 nam
326 1623 523 1687 quamquam
539 1602 840 1667 immoderationem
864 1602 1017 1666 narrandi
1038 1607 1266 1689 tumoremque
1290 1625 1363 1668 ver·

227 1704 352 1785 borum,
376 1726 459 1790 quae
476 1706 609 1791 propria
625 1711 701 1770 sunt
716 1711 884 1790 poetarum
900 1705 1157 1788 Nonnianorum,
1174 1707 1363 1792 neutiquam

226 1807 354 1890 ignoro,
385 1815 495 1873 tamen
525 1809 575 1873 his
607 1808 715 1872 verbis
749 1813 856 1872 terrae
891 1813 1000 1872 motus
1029 1807 1174 1873 describi
1204 1809 1365 1876 contendo

228 1909 259 1992 (Ι
275 1913 315 1973 52
333 1909 432 1996 εηη.);

355 2008 418 2103 ἤδη
439 2013 499 2098 μὲν
521 2016 734 2100 σθεναροῖσιν
755 2011 984 2098 ἒπεμβεβαυῖα
1006 2009 1177 2097 θεμείλοις

357 2115 500 2206 σφαίρης
523 2111 701 2205 ήμιτόμσιο
724 2111 887 2204 κατήριπε
909 2113 1067 2194 θέσκελος
1089 2109 1197 2198 ἶίντνξ,

358 2215 565 2304 μυστιττόλου
589 2213 616 2285 d‘
642 2216 785 2300 ἐτίναξεν
807 2216 944 2284 ἐδέθλια
966 2214 1077 2285 πάντα
1099 2214 1277 2305 μελάθρου,

358 2320 468 2390 πάντα
491 2318 518 2390 d‘
544 2319 777 2412 interimque»
799 2322 832 2388 ἕν
854 2316 951 2389 dccci
970 2318 1085 2410 βάθρα
1107 2320 1292 2408 depellor·

355 2431 435 2514 γαῖα
459 2422 486 2494 d'
512 2423 761 2509 ὗσεστενσίχιζεν
783 2424 842 2492 ἐπὶ
863 2422 986 2512 χρόνον,
1010 2421 1137 2515 ἠερίαις
1159 2425 1196 2494 δὲ

356 2531 535 2619 μισγομένη
558 2529 727 2620 νεφέλῃσιν
750 2525 950 2620 ὁμιχληεσσα
973 2527 1065 2619 κονίη

356 2629 507 2723 οὐρανίης
530 2629 707 2721 ἀμάρυγμα
729 2635 949 2720 μεσημβρινὸν
971 2629 1108 2700 ἔσκεπεν
1130 2629 1260 2721 αίθρης.

313 2743 416 2808 Plane
439 2750 549 2808 autem
573 2750 670 2828 atque
694 2742 836 2806 dilucide
854 2741 1074 2828 Theophanes
1097 2743 1152 2828 (cf.
1169 2765 1268 2828 supra
1283 2767 1312 2830 p.
1330 2745 1364 2827 2)

229 2851 261 2908 et
284 2846 444 2931 Agathias
468 2847 535 2911 Va
559 2847 598 2910 de
623 2846 765 2910 motibus
788 2846 853 2908 illis
877 2846 990 2910 ruinae
1011 2847 1118 2910 causis
1135 2847 1281 2911 referunt
1304 2868 1364 2911 neo

227 2949 324 3014 aliam
354 2953 387 3016 in
414 2955 523 3016 mente
555 2951 677 3015 habent
705 2950 831 3014 ruinam
866 2969 962 3033 quam
989 2949 1122 3013 Paulus.
1176 2949 1285 3035 Atque
1322 2971 1363 3014 ne

228 3053 290 3117 hoc
332 3054 462 3138 quidem
506 3054 637 3119 silentio
673 3059 919 3140 praetereamus
954 3050 1168 3116 Anthemium
1202 3053 1267 3117 iam
1300 3075 1365 3118 non

229 3157 361 3234 vixisse,
386 3179 460 3224 cum
483 3159 670 3223 restitutum
694 3163 743 3222 est
766 3156 924 3242 templum
947 3162 1023 3242 post
1045 3157 1187 3238 ruinam,
1216 3157 1365 3222 sedtum

228 3261 390 3326 Isidorum
408 3264 513 3328 solnm
530 3263 714 3350 praefuisse
731 3261 960 3327 aedificationi.
1006 3260 1079 3325 Hoc
1102 3261 1188 3325 enim
1205 3260 1365 3347 Agathias

228 3372 372 3431 testatur
394 3367 415 3433 l.
431 3368 453 3430 l.
476 3369 596 3454 pras,
616 3367 703 3451 191).
748 3365 831 3429 Tum
855 3370 965 3429 autem
989 3386 1060 3428 cum
1085 3365 1171 3450 pilae
1187 3365 1365 3430 labefacta-

229 3473 357 3552 bantur,
381 3471 421 3535 de
446 3471 563 3556 quibus
586 3471 765 3556 Procopius
789 3474 909 3548 narrat,
933 3469 1015 3533 vixit
1034 3469 1240 3549 Anthemius,
1264 3475 1300 3533 ut
1323 3491 1365 3532 ex

228 3576 279 3639 his
295 3575 448 3660 Procopii
473 3575 580 3638 verbis
597 3580 704 3660 patet:
728 3569 761 3639 oi
783 3570 842 3656 μὲν
865 3561 921 3638 οὖν
944 3565 1032 3660 ἀμφί
1053 3596 1089 3638 τε
1111 3567 1168 3638 τὸν
1186 3565 1366 3654 Ἀνθὲμιον

228 3677 286 3745 καί
305 3672 471 3765 Ἰσίδωρον
494 3681 662 3766 (p.180,8
686 3680 736 3744 ed.
759 3677 892 3762 Bona).

316 3784 408 3858 Quae
433 3783 540 3848 omnia
569 3783 596 3848 si
619 3783 789 3848 nobiscum
812 3782 1121 3868 computaverimus,
1145 3782 1307 3846 nemiuem
1331 3781 1365 3844 in

229 3889 361 3953 dubium
385 3893 574 3952 vocaturum
605 3910 679 3953 esse
708 3909 818 3972 spero,
849 3886 1035 3970 quinquae
1066 3887 1154 3950 lacta
1185 3885 1365 3970 Procopius

229 3993 405 4058 memoriae
429 3991 561 4054 tradidit
587 3992 784 4056 antecedant
803 3989 981 4054 calamitati
1004 4011 1023 4052 a
1046 3989 1148 4052 Paulo
1171 3987 1363 4074 descriptae.

316 4095 383 4160 Sed
407 4095 506 4158 etiam
530 4096 659 4181 scripsit
683 4094 860 4180 Procopius
884 4099 960 4156 ante
985 4093 1074 4156 illam
1093 4093 1260 4156 orientalis
1284 4091 1365 4156 tholi

228 4201 371 4274 ruinam;
401 4220 475 4262 nam
499 4205 728 4283 argumentum
751 4220 794 4262 ex
817 4197 960 4278 silentio,
985 4197 1058 4278 etsi,
1082 4217 1179 4280 quam
1201 4196 1364 4261 lubricum

318 4338 338 4403 ¹)
359 4335 452 4387 Καίτοι
467 4331 608 4404 Ἀνθέμιος
630 4335 684 4403 μὲν
705 4333 734 4386 ἐκ
759 4332 885 4386 πλείσταν
903 4330 1056 4401 ἐτεθνήκει,
1074 4328 1211 4406 Ἰσίδωρος
1230 4331 1260 4385 δὲ
1278 4333 1365 4392 ὁνέσς

228 4421 274 4476 καί
292 4425 319 4476 οἱ
338 4419 412 4474 τ’ίίλοι
429 4418 615 4491 μηχανοποιοὶ
633 4421 687 4473 κτλ.
