3252 4954
698 290 907 351 ...39-

237 479 311 522 esse
339 457 535 522 credendum
565 458 801 537 concedamus,
835 480 912 522 num
948 459 1071 523 eisdem
1104 460 1210 524 causis
1240 460 1372 524 demon-

237 566 358 624 stratur
390 567 552 626 auctorem
588 583 660 626 esse
692 561 831 626 Paulum
862 563 969 644 illurn,
1008 564 1062 648 qui
1090 563 1261 628 Iustiniani
1292 585 1374 628 aevo

237 665 394 729 florebat?

323 767 448 832 Verum
466 768 567 834 habet
589 770 709 854 aliquid
722 769 924 854 Lessingius,
948 769 1034 854 quod
1051 770 1146 834 valde
1162 770 1374 835 memorabile

236 872 366 936 videtur
394 891 478 962 esse.
535 871 755 958 Procopius
787 874 872 936 enim
910 873 942 936 in
972 873 1045 937 libri
1068 873 1109 936 V.
1140 875 1246 960 capite
1277 875 1374 938 tertio

237 975 344 1060 operis
369 995 468 1059 supra
488 975 622 1055 laudati,
647 975 733 1060 quod
758 982 809 1040 est
832 975 872 1040 de
896 975 1053 1040 aedificiis
1077 976 1290 1040 aIustiniano
1316 999 1374 1042 ex-

238 1078 380 1156 structis,
406 1086 517 1141 narrat
541 1078 581 1143 de
605 1078 739 1144 thermis
762 1079 838 1159 illis,
863 1100 943 1164 quas
966 1081 1146 1164 imperator
1170 1101 1374 1166 summopere

238 1183 330 1246 auxit
359 1181 451 1265 regia
483 1181 654 1247 aedificata
683 1189 716 1247 et
746 1182 884 1268 publicis
917 1183 1044 1246 balneis
1078 1183 1253 1264 institutis,
1287 1189 1320 1247 et
1342 1185 1375 1247 in

239 1307 318 1371 quas
341 1285 448 1349 fontes
474 1286 622 1350 salubres
652 1292 684 1350 et
712 1287 792 1350 alios
816 1285 922 1351 dulcis
946 1307 1050 1370 aquae
1074 1287 1218 1352 immisit.
1266 1287 1375 1360 Quid?

236 1387 518 1450 verisimillimum
548 1410 657 1453 nonne
689 1396 740 1453 est
761 1389 901 1453 Paulum
931 1387 1155 1452 Silentiarium
1185 1389 1245 1453 sub
1277 1391 1374 1454 Insti-

238 1491 333 1554 niano
357 1492 525 1575 vigentem
549 1513 681 1556 carmen
709 1492 789 1556 illud
817 1491 857 1556 de
881 1491 1010 1577 Pythiis
1033 1492 1170 1556 thermis
1195 1494 1375 1578 scripsisse,

237 1596 430 1682 praesertim
465 1617 538 1659 cnm
573 1596 638 1660 iam
673 1596 813 1660 alterum
848 1597 917 1660 eius
946 1618 1064 1682 poema
1095 1597 1374 1681 cognovissemus,

240 1721 302 1784 quo
328 1699 486 1784 templum
509 1699 639 1783 Hagiae
664 1698 807 1785 Sophiae
830 1698 871 1762 ad
895 1699 1053 1763 maiorem
1075 1699 1247 1763 Iustiniani
1269 1701 1373 1787 impe·

239 1805 356 1866 ratoris
370 1803 506 1886 gloriam
519 1803 714 1889 descripsit?
759 1802 812 1866 Ad
828 1803 891 1866 hoc
908 1803 1033 1867 accedit
1048 1804 1269 1868 testimonium
1287 1804 1375 1868 codi-

239 1925 329 1985 cum,
361 1904 416 1990 qui
446 1906 486 1970 ad
509 1927 611 1970 unum
643 1928 757 1970 omnes
788 1906 927 1970 Paulum
957 1906 1178 1970 Silentiarinm
1209 1913 1375 1972 auctorem

239 2009 416 2073 nominant.
461 2009 556 2073 Haec
579 2009 647 2072 fere
670 2009 835 2094 Lessingii
858 2011 1021 2074 sententia
1044 2017 1103 2074 est.

325 2112 407 2178 Mihi
435 2119 545 2176 autem
570 2111 731 2193 codicum,
760 2119 797 2176 ut
824 2113 963 2199 primum
987 2113 1028 2178 de
1056 2115 1103 2178 eis
1128 2136 1239 2198 agam,
1264 2135 1375 2200 super-

241 2217 414 2302 scriptione
438 2216 484 2279 nil
507 2216 723 2280 demonstrari
746 2215 885 2295 videtur,
910 2217 937 2280 si
961 2237 1025 2302 qua
1048 2239 1149 2282 causa
1171 2239 1375 2282 commovea-

237 2343 324 2401 mur,
354 2327 390 2384 ut
419 2319 459 2384 de
489 2319 692 2384 Iustinianeo
722 2319 826 2384 Paulo
856 2327 988 2386 anctore
1019 2321 1234 2406 ambigamus.
1290 2321 1375 2386 Nam

237 2425 314 2510 quid
347 2429 415 2505 est,
445 2444 507 2508 quo
535 2422 781 2508 prohibeamur,
812 2444 853 2488 ne
885 2424 1012 2488 duobus
1043 2425 1122 2488 viris
1145 2425 1232 2489 idem
1256 2446 1375 2490 nornen

236 2528 338 2592 fuisse
376 2527 600 2592 existimemus
615 2525 662 2610 ¹)?
717 2525 812 2590 Hanc
847 2533 958 2590 autem
997 2526 1207 2591 dubitationis
1243 2549 1375 2592 causam

238 2632 376 2716 primam
400 2630 515 2693 haurio
539 2650 582 2692 ex
605 2630 677 2714 ipsa
692 2628 843 2713 Procopii
866 2629 1064 2696 narratione.
1109 2629 1214 2702 Quid?
1237 2631 1376 2696 Paulum

236 2735 344 2812 illum,
375 2753 472 2816 quem
502 2732 535 2795 in
565 2732 784 2816 descriptione
814 2753 954 2815 magnae
988 2733 1166 2813 ecclesiae,
1190 2733 1375 2819 ubicunque

236 2837 350 2922 potuit,
370 2829 576 2899 occasionem
594 2835 782 2899 celebrandi
797 2836 1002 2919 imperatoris
1019 2857 1083 2899 non
1100 2836 1204 2900 solum
1220 2838 1374 2902 lubenter

236 2943 450 3023 usurpantem
482 2937 540 3001 sed
572 2939 672 3002 etiam
696 2937 791 3002 avide
815 2938 1026 3024 arripientem
1050 2939 1205 3020 vidimus,
1236 2940 1376 3004 Paulum

236 3047 269 3108 in
281 3045 343 3108 hoc
358 3043 510 3123 carmine,
524 3041 610 3127 quod
624 3047 674 3107 est
688 3041 728 3107 de
741 3042 876 3108 thermis
890 3043 931 3107 ab
947 3042 1060 3108 eodem
1072 3044 1268 3127 imperatore
1281 3045 1376 3110 valde

238 3147 455 3234 amplificatis,
473 3147 602 3210 omnino
623 3147 767 3210 tacuisse
790 3152 943 3232 putemus
966 3145 1006 3210 ds
1030 3146 1187 3211 aedificiis
1211 3147 1269 3228 cis,
1293 3169 1376 3233 quae

237 3251 419 3337 Procopius
442 3256 623 3330 enumerat,
640 3249 758 3314 nedum
776 3251 1005 3335 imperatorem
1022 3249 1176 3314 laudibus
1193 3251 1376 3332 extolleret,

239 3357 292 3440 qui
321 3376 361 3420 ea
392 3354 557 3419 condidit?
602 3353 850 3418 Alienissimum
879 3353 941 3418 hoc
964 3354 1043 3416 mihi
1067 3353 1197 3419 videtur
1220 3375 1239 3418 a
1262 3361 1377 3419 natura

238 3465 355 3544 poetae
379 3459 492 3538 nostri,
517 3460 647 3543 qualem
672 3479 715 3522 ex
738 3456 959 3543 descriptione
983 3457 1217 3523 intelleximus.

324 3561 505 3626 Praeterea
520 3562 608 3626 hand
630 3561 726 3626 facile
744 3560 937 3625 crediderim
954 3559 1128 3646 Byzantini
1143 3561 1257 3641 nostri,
1281 3581 1377 3645 quern

240 3666 364 3729 artibus
395 3665 578 3750 litterisque
608 3671 675 3728 tam
703 3664 865 3728 eruditum
896 3662 1056 3748 Agathias
1088 3665 1285 3744 celebravit,
1314 3664 1377 3727 hoc

240 3790 314 3833 esse
338 3768 528 3854 opusculum
552 3789 631 3832 sane
656 3768 719 3832 vile
743 3767 987 3851 maximamque
1010 3773 1136 3852 partem
1160 3788 1201 3830 ex
1224 3766 1277 3830 Ps.
1286 3766 1377 3829 -Ari-

240 3873 367 3937 stotelis
389 3871 500 3935 libello
526 3871 710 3952 conflatum,
734 3872 766 3934 in
790 3891 853 3956 quo
876 3875 974 3956 poeta
997 3869 1037 3933 de
1063 3869 1262 3954 quibuslibet
1279 3868 1377 3933 rebus

240 3976 318 4061 agit,
336 3975 392 4039 sed
414 3975 470 4038 vix
489 3974 530 4038 de
545 3995 584 4038 ea
596 3996 641 4055 rc,
655 3995 751 4058 quam
766 3973 1014 4038 describendam
1031 3973 1101 4056 ipse
1120 3972 1180 4036 sibi
1197 3973 1377 4058 proposuit.

329 4078 396 4144 Sed
426 4077 485 4143 has
516 4099 632 4142 causas
664 4099 728 4142 non
759 4078 792 4141 id
822 4077 975 4163 ponderis
998 4075 1138 4155 habere,
1165 4081 1201 4138 ut
1233 4076 1311 4140 satis
1336 4099 1378 4140 ex

332 4303 352 4370 ¹)
371 4302 474 4356 Totum
500 4300 575 4354 enim
595 4299 677 4353 Pauli
700 4299 787 4354 nostri
809 4316 923 4364 nomen,
948 4297 1024 4368 quod
1042 4297 1148 4366 legitur
1165 4297 1195 4351 in
1217 4299 1380 4368 ecphraseos

239 4389 344 4455 codice,
364 4389 459 4443 nullus
478 4387 560 4441 huius
579 4386 709 4440 carminis
728 4385 814 4440 codex
832 4385 954 4439 exhibet.
