3224 4946
700 260 911 321 ,48-

236 430 269 492 id
285 429 372 514 quod
389 436 522 515 propter
538 451 664 510 sonum,
687 435 724 493 ut
739 430 889 514 equidem
907 431 1013 509 crede,
1030 431 1174 495 vitavere
1192 429 1224 492 hi
1246 440 1373 516 poetae.

236 533 320 597 Nam
345 535 391 598 sic
416 533 509 619 quasi
533 534 657 597 concidi
682 555 793 597 versus
817 527 897 597 niihi
920 533 1060 598 videtur.

325 641 353 704 2.
389 637 454 701 Sed
477 659 542 701 non
559 643 683 702 tantum
700 659 815 702 versus
831 639 1005 702 incisiones
1032 660 1073 702 ex
1090 637 1213 701 tabella
1237 660 1256 702 a
1279 639 1373 702 nobis

237 743 364 826 prolata
398 741 566 820 discimus,
602 763 715 806 verum
749 743 846 806 etiam
882 743 989 805 varias
1024 741 1208 804 hexametri
1243 740 1374 822 formar,

238 844 485 927 dactylorum
517 851 548 907 ot
578 843 848 929 spondeorum
871 866 933 908 usu
957 846 1108 924 effectas,
1133 850 1293 928 quatenus
1318 867 1374 909 eas

238 948 367 1012 admisit
394 949 533 1029 Paulus,
567 971 609 1012 ex
640 970 680 1012 ea
714 951 952 1034 cognoscimus,
1008 949 1091 1012 Nam
1125 949 1211 1012 hunc
1245 971 1374 1034 quoque

237 1074 332 1116 usum
356 1074 375 1115 a
397 1052 515 1117 Nonne
539 1053 655 1116 eodem
679 1054 825 1132 consilio,
850 1074 913 1138 quo
939 1074 1069 1138 semper
1091 1052 1244 1116 inductus
1260 1074 1373 1118 versus

239 1157 468 1238 conformavit,
492 1164 709 1243 temperatum
735 1179 823 1238 esse,
847 1164 884 1221 ut
907 1177 1055 1238 versum,
1080 1163 1236 1240 quantum
1259 1159 1374 1242 potuit,

238 1260 390 1325 redderet
423 1261 615 1341 volubilem,
643 1262 799 1347 princeps
829 1261 1039 1325 Hermannus
1072 1261 1144 1340 (1.1.
1168 1282 1199 1345 p.
1217 1260 1294 1346 690)
1323 1261 1373 1324 his

235 1361 346 1428 verbis
371 1364 623 1428 demonstravit:
648 1365 891 1450 „spondeorum
914 1365 1041 1450 pondus
1068 1385 1140 1427 cum
1171 1364 1371 1450 dactylorum

238 1468 440 1532 volubilitate
482 1467 723 1534 commutavit”.
779 1469 886 1532 Etiam
925 1469 1113 1552 diligentius
1146 1469 1233 1532 hunc
1267 1469 1373 1532 Nonni

238 1591 334 1634 usum
371 1578 593 1656 perscrutatus
634 1571 807 1636 Arthurius
844 1571 1004 1636 Ludwich
1043 1573 1077 1634 in
1119 1571 1225 1634 annal.
1260 1571 1373 1654 philol.

241 1674 328 1757 CIX,
352 1696 382 1759 p.
401 1679 461 1738 237
493 1675 603 1740 docuit
630 1681 816 1760 comparato
842 1675 1059 1760 spondeorum
1083 1696 1217 1738 numero
1242 1675 1371 1758 quintu-

239 1779 327 1862 plam
356 1777 424 1842 fere
448 1778 650 1862 dactylorum
675 1779 913 1842 multitudinem
943 1779 975 1840 in
998 1777 1227 1862 Panopolitani
1249 1777 1372 1862 Diony-

241 1883 338 1946 siacis
354 1883 502 1948 inveniri.
548 1882 664 1967 Itaque
689 1904 732 1946 ex
756 1885 795 1945 32
812 1883 925 1946 formis
942 1903 1055 1946 versus
1072 1881 1241 1946 Homerici
1257 1902 1374 1944 novem

242 1985 329 2070 apud
352 1985 502 2049 Nonnum
529 1992 603 2049 sunt
626 1985 726 2072 (apud
746 1985 993 2049 Christodorum
1013 1988 1075 2066 11).
1120 1984 1242 2048 Paulus
1265 1991 1375 2048 autem

242 2091 318 2154 huic
341 2091 416 2154 usui
440 2091 538 2155 etiarn
561 2091 765 2175 angustiores
787 2090 954 2154 constituit
976 2091 1069 2168 fines,
1093 2111 1189 2174 quam
1212 2091 1283 2174 ipse
1307 2111 1374 2152 ma-

242 2195 353 2278 gister.
401 2194 478 2258 Sex
502 2195 588 2258 enim
610 2195 730 2258 formas
755 2216 829 2258 cum
846 2193 1034 2257 adhibuisse
1060 2214 1101 2256 ex
1119 2193 1243 2257 tabella
1265 2199 1377 2256 nostra

241 2303 377 2382 apparet
400 2296 455 2381 (cf.
478 2297 647 2362 Ludwich.
664 2297 767 2360 Bcr'tr.
784 2320 813 2381 p.
831 2299 896 2380 46).
937 2297 1022 2360 Nam
1044 2297 1138 2360 sicuti
1153 2296 1270 2360 Nonno
1295 2295 1376 2358 duce

244 2400 424 2486 spondeum
441 2402 570 2464 omnino
588 2401 731 2486 reppulit
754 2421 796 2463 cx
820 2401 933 2485 quinta
956 2421 1070 2464 versus
1095 2399 1183 2480 sede,
1206 2401 1252 2462 ita
1274 2420 1312 2462 eo
1334 2419 1375 2462 nc

243 2505 275 2567 in
302 2505 403 2568 tertio
434 2504 564 2587 quidem
593 2504 678 2589 pede
702 2526 779 2568 usus
803 2510 866 2584 est,
890 2525 985 2589 quarn
1011 2505 1050 2568 ob
1079 2525 1145 2567 rem
1179 2509 1245 2566 tres
1268 2501 1376 2566 Nouni

240 2609 364 2672 formae
405 2607 491 2693 apud
527 2607 664 2671 Paulum
701 2607 938 2673 desiderantur.
995 2607 1097 2671 Cuius
1131 2629 1209 2670 usus
1244 2626 1377 2670 causam

243 2710 380 2776 eandem
413 2716 507 2794 puto,
542 2731 605 2794 qua
634 2710 768 2773 Nonnus
793 2710 988 2789 ducebatur,
1017 2716 1054 2772 ut
1082 2710 1274 2774 hexametro
1296 2710 1376 2773 levi-

242 2833 314 2876 ores
337 2835 461 2900 pennas
492 2813 663 2877 tribueret.
708 2813 793 2877 Nam
823 2814 849 2876 si
871 2819 947 2898 post
969 2833 1101 2897 gravem
1126 2813 1376 2896 semiquinariac

243 2919 431 2982 incisionem
472 2919 610 2981 alterum
648 2917 886 2980 hemistichium
916 2937 935 2980 a
966 2917 1066 3000 longa
1096 2917 1223 3001 syllaba
1252 2917 1376 3001 incipit,

243 3021 343 3083 multo
368 3021 541 3084 tardiorem
565 3019 635 3082 fieri
658 3039 771 3082 versus
794 3020 927 3098 fluxum,
952 3038 1049 3102 quam
1073 3019 1100 3082 si
1117 3019 1283 3083 levissimo
1299 3041 1377 3083 ana-

242 3124 349 3208 paesti
372 3124 522 3208 rhythmo
547 3124 648 3186 oratio
673 3123 844 3208 excipitur,
867 3122 1008 3185 fortasse
1032 3143 1098 3184 non
1120 3123 1264 3206 negabis.

328 3226 412 3290 Item
429 3228 626 3291 severiorem
652 3225 925 3310 deprehendimus
942 3225 1081 3288 Paulum
1104 3246 1199 3308 quam
1223 3225 1375 3288 Nonnum

243 3335 298 3392 aut
333 3329 403 3392 eius
439 3329 588 3393 adseclas
628 3350 804 3413 numquam
837 3328 989 3392 adhibitis
1024 3329 1150 3392 duobus
1190 3329 1377 3413 spondeis

243 3433 459 3511 continuis,
492 3432 524 3494 id
548 3431 633 3516 quod
651 3433 797 3516 quamvis
815 3453 911 3518 parce
930 3431 1061 3496 admisit
1076 3431 1214 3496 Nonnus
1237 3433 1269 3494 in
1293 3432 1378 3518 pede

242 3536 285 3601 II.
311 3541 344 3600 et
367 3534 462 3620 llll)

330 3639 428 3703 Hunc
441 3660 534 3702 usum
553 3639 647 3702 valde
665 3659 815 3702 severum
827 3639 967 3703 Paulum
978 3641 1011 3702 in
1025 3639 1066 3704 A.
1078 3640 1114 3704 P.
1133 3641 1378 3726 epigrammatis

243 3764 308 3806 non
333 3764 461 3829 semper
484 3749 632 3806 secutum
656 3761 729 3805 esse
751 3741 907 3807 videmus.
952 3741 1037 3806 Nam
1062 3765 1258 3829 quamquam
1282 3743 1380 3807 etiam

242 3848 276 3910 in
313 3847 364 3910 his
399 3845 595 3910 carminibus
626 3847 767 3910 leviores
798 3847 982 3910 hexametri
1016 3847 1138 3910 formae
1172 3847 1379 3931 (saepissime

244 3949 390 4013 dsddd
426 3956 458 4014 et
491 3948 658 4032 ddddd)
687 3949 891 4034 praevalent,
922 3955 1032 4013 tamen
1062 3951 1235 4013 nonnullos
1266 3970 1379 4012 versus

242 4053 393 4138 legimus,
418 4053 535 4138 quibus
552 4059 649 4137 poeta
666 4052 748 4116 duos
771 4052 933 4136 spondeos
951 4053 1121 4116 continuos
1138 4052 1295 4116 adhibere
1316 4073 1379 4114 non

334 4294 353 4356 ¹)
372 4293 412 4346 De
431 4291 643 4346 Nonnianorum
654 4309 706 4345 usu
717 4292 751 4346 cf.
766 4291 906 4345 Ludwich.
926 4291 1007 4344 Bcr'tr.
1021 4290 1038 4342 l.
1050 4290 1067 4343 l.
1096 4288 1264 4343 Volkmann.
1284 4307 1381 4343 comm.

244 4397 285 4448 ep.
305 4398 330 4448 p.
350 4379 391 4432 24.
428 4380 544 4448 Raumg.
565 4398 590 4448 p.
601 4381 643 4433 29.
