3252 4954
674 320 888 380 -25-

213 492 278 556 τῶν
289 513 325 554 τε
340 484 447 554 λίθων
461 488 502 576 τῇ
513 481 654 576 ἁρμονίᾳ
672 485 757 553 ε’ντε-
811 487 898 554 νῶτα
910 483 1127 575 διαθράψωσι
1138 508 1145 523 ·
1155 482 1352 576 μεσοδμήτῳ

213 587 318 680 τηκώς
345 589 403 657 καὶ
438 589 577 658 συνδέων
604 584 758 679 ἀλλήλοις
919 591 956 658 δέ
975 586 1130 679 μολύβδῳ

214 689 343 774 αὐτούς.
810 689 915 783 ἠρέμα
938 696 1123 783 πιληθεῖσα
1150 689 1249 780 βάσις
1270 694 1352 778 μαλ-

918 794 1066 866 edoceo
1090 796 1222 884 πέτρου.

303 937 463 1002 Homines
477 937 634 1022 templum
647 935 845 1001 admirantes
859 937 990 1001 omnino
1003 956 1068 999 non
1080 935 1190 999 satiari
1205 941 1352 1021 possunt.

213 1041 256 1106 Κ.
354 1057 468 1126 Procop.
487 1075 514 1126 p.
533 1056 632 1121 flac:
992 1055 1071 1109 Paul.
1089 1055 1180 1110 1166:

216 1159 273 1228 καὶ
286 1161 384 1227 τοῦτο
398 1153 436 1225 οὗ
447 1154 507 1248 τὴν
517 1153 649 1247 πρώτην
659 1154 759 1243 μόνον
811 1161 881 1239 ντᾶς
892 1156 988 1246 κόρος
1000 1153 1184 1249 εὖτεήληκος
1197 1153 1353 1248 ἐλήλαται

215 1259 320 1332 ἰδόντι
344 1259 524 1349 ξυμβαίνει,
549 1255 632 1327 ἀλλὰ
652 1263 757 1350 διηνε-
918 1259 1054 1329 ἔκτοθεν
1077 1259 1179 1330 οἴκου.

214 1366 268 1448 κές
291 1363 417 1455 ἑκάστῳ
433 1359 534 1434 ταύτὸ
552 1367 650 1432 τοῦτο
667 1366 758 1433 δοκεῖ

214 1467 327 1558 ὥσπερ
364 1469 511 1537 ἐνταῦθα
551 1471 609 1558 τῆς
646 1463 757 1556 ὅψεως

215 1568 401 1663 άρχομένης.
440 1568 558 1640 τούτου
580 1567 677 1660 κόρον
700 1567 756 1640 οὗ-

215 1677 283 1758 δείς
305 1680 365 1746 τοῦ
380 1673 551 1762 θεάματος
566 1673 663 1760 ἔλαβε
685 1673 755 1743 νεώ-

215 1806 299 1849 ντοτε
320 1782 387 1848 κτλ.

301 1903 420 1968 Vcrios
450 1903 592 1988 denique
628 1925 824 1968 marmorum
860 1905 985 1968 colores
1021 1906 1115 1990 quasi
1149 1903 1351 1990 praeteriens

214 2007 405 2094 perstringit

337 2129 452 2198 Pr⁰⁰⁰p·
471 2146 499 2197 P·
513 2128 571 2196 ¹⁷8,
583 2129 631 2183 23:
810 2129 933 2193 Paulus
955 2124 1075 2214 λειμὼν
1096 2151 1209 2194 vocem
1226 2130 1350 2215 saepis-

213 2230 265 2313 τίς
281 2231 317 2298 δέ
328 2232 393 2297 τῶν
404 2255 440 2298 τε
451 2226 567 2298 κιόνων
578 2230 636 2298 καὶ
651 2228 758 2297 λίθων
811 2233 891 2297 sime
909 2239 1100 2319 usurpatam
1123 2257 1143 2298 a
1162 2233 1351 2299 recentiori-

215 2331 480 2424 διαριθμήσαιτο
489 2331 548 2424 τὴν
557 2329 758 2424 εὐπρεπείαν
782 2345 785 2414 ι
811 2336 871 2399 bus
897 2337 1015 2423 poetis,
1039 2343 1076 2400 ut
1092 2343 1187 2402 recte
1207 2337 1350 2402 Kortuc-
1414 2349 1417 2356 ⁴

214 2431 265 2520 οἷς
293 2436 332 2506 τὸ
362 2435 448 2525 ἱερὸν
474 2435 758 2523 κεκαλλάντισταις
810 2440 894 2504 mius
930 2447 1177 2522 commemorat,
1215 2446 1249 2505 et
1279 2440 1351 2525 ipse

213 2540 349 2629 λειμῶνά
373 2567 424 2622 τις
453 2536 493 2608 dv
518 2540 756 2630 ἐντετυχηκέναι
809 2543 931 2607 Ι155εΙ

214 2643 337 2728 δόξειεν
360 2640 471 2734 ὡραίῳ
494 2641 531 2713 τὸ
556 2640 660 2726 άνθος
683 2668 690 2682 ·
852 2641 983 2714 κύκλιον
1006 2640 1243 2735 άστροχίτωνος
1271 2643 1352 2712 ἰδεῖν

938 2750 1080 2835 λειμῶνα
1102 2747 1230 2839 χορεέης

213 2849 402 2939 θαυμάσειε
437 2850 498 2941 γὰρ
531 2848 666 2932 εἰκότως
692 2855 758 2919 τῶν
810 2861 843 2918 et
866 2855 899 2918 in
922 2854 1006 2920 amb.
1032 2859 1093 2919 227
1117 2855 1262 2920 adhibet.

213 2956 272 3042 μὲν
303 2953 341 3023 τὸ
372 2951 529 3046 άλουρχὸν
562 2957 627 3022 τῶν
653 2955 690 3023 δὲ
717 2953 756 3024 τδ
874 2958 1046 3023 Marmoris
1083 2964 1193 3023 autem
1227 2980 1352 3044 genera

212 3056 350 3144 χλοάζον
365 3081 373 3096 ·
390 3059 447 3127 καὶ
469 3050 520 3139 οἷς
533 3054 571 3126 τὸ
588 3061 757 3148 φοινικοῦν
809 3061 940 3128 diversa
963 3083 1140 3148 eorumque
1158 3063 1283 3126 colores
1302 3063 1351 3125 lu-

215 3163 359 3230 ἐντανδεῖ
397 3161 454 3230 καὶ
492 3151 536 3229 ὦν
569 3163 608 3230 τὸ
645 3161 758 3231 λευκὸν
809 3165 1004 3231 bentissime
1067 3187 1198 3251 semper
1254 3171 1352 3250 atque

216 3261 467 3354 ἇπαστράνττει,
495 3263 543 3333 έτι
565 3265 677 3350 μέντοι
699 3266 757 3334 καὶ
809 3269 954 3333 maxima
975 3291 1048 3332 cum
1064 3268 1240 3334 verborum
1257 3271 1353 3355 copia

216 3359 272 3450 οὓς
299 3374 375 3450 ταῖς
404 3365 655 3449 ἐναντιωτάταις
681 3395 757 3436 ντοι-
810 3371 975 3438 describit.
993 3374 1033 3440 cf.
1047 3374 1082 3436 II
1100 3375 1156 3436 201
1178 3395 1246 3458 sqq.
1266 3372 1352 3437 amb.

216 3471 319 3540 κίλλει
361 3478 505 3562 χροιαῖς,
550 3469 662 3561 ὥσπερ
706 3500 757 3554 τις
812 3479 872 3538 109
889 3499 958 3562 sqq.

215 3573 387 3666 ζωγράφος
408 3571 429 3668 ἡ
453 3573 561 3666 φάσις.

303 3701 367 3764 Tot
389 3700 500 3766 inveni
522 3700 609 3764 locos
634 3699 808 3785 diligenter
832 3708 1020 3786 comparata
1046 3707 1184 3788 utraque
1208 3702 1352 3788 descrip-

215 3807 315 3886 tione,
339 3804 456 3891 quibus
479 3805 525 3868 ita
548 3804 633 3868 inter
656 3825 690 3868 se
708 3825 887 3890 congruere
904 3807 984 3870 mihi
1000 3807 1150 3872 videntur
1173 3806 1296 3870 Paulus
1320 3811 1354 3870 et

215 3909 412 3996 Procopius,
447 3908 597 3972 utillum
622 3907 855 3973 Caesareensis
879 3908 1131 3996 descriptionem
1158 3931 1224 3973 non
1247 3908 1353 3973 solum

215 4013 399 4078 noscitcsse
425 4012 600 4076 sedetiam
625 4011 676 4076 hic
694 4011 760 4076 illic
776 4011 936 4077 imitatum
951 4035 1027 4078 esse
1044 4011 1130 4098 apud
1152 4033 1204 4076 me
1222 4011 1351 4096 quidem

214 4119 249 4182 in
272 4117 423 4182 confesso
446 4117 496 4181 sit.

273 4229 275 4231 ’
303 4218 369 4284 Sed
383 4221 447 4284 iam
463 4218 770 4303 transgrediendum
792 4225 844 4283 cst
867 4220 908 4284 ad
923 4221 1030 4306 ipsum
1046 4220 1206 4306 poematis
1223 4220 1354 4284 Paulini

215 4329 506 4413 argumentum,
534 4344 576 4386 cx
606 4343 670 4407 quo
702 4325 849 4408 quamvis
880 4324 966 4388 haud
989 4325 1036 4388 ita
1058 4324 1192 4410 copiose
1221 4331 1353 4389 narrato

215 4449 349 4495 carmen
371 4427 451 4492 illud
475 4447 542 4495 non
566 4427 636 4492 sine
660 4432 731 4494 arte
756 4429 973 4516 compositum
997 4448 1070 4494 esse
1094 4429 1274 4518 apparebit.
