3224 4946
674 287 887 344 ..45-

1129 447 1148 472 3!

212 489 254 499 -
278 451 335 515 sin
360 459 469 517 autem
497 455 593 537 longo
617 453 844 538 monosyllabo
869 448 948 536 (καί,
974 447 1021 533 ori,
1044 448 1101 542 μή,
1126 455 1161 541 η)
1185 454 1348 538 hephthe-

213 557 365 619 mimeres
382 557 547 619 antecedit
564 556 632 639 (21)
652 577 780 639 semper
796 558 964 640 praevalet
981 557 1037 620 illa
1059 562 1134 620 ante
1152 555 1348 630 bucolicam3

211 660 244 722 in
259 664 276 722 7
288 659 436 723 versibus
448 659 710 743 interpunctione
725 680 853 743 quoque
867 660 1048 744 seiungitur
1059 681 1078 730 a
1089 660 1174 724 thesi
1188 666 1302 743 quarta
1313 657 1349 743 ¹).

299 781 368 844 Iam
401 782 547 845 venimus
582 781 623 846 ad
652 782 794 865 reliquas
823 781 1005 844 hexametri
1036 781 1230 859 incisiones,
1266 801 1349 864 quae

212 905 277 947 non
300 886 509 949 inveniuntur
532 885 565 948 in
588 885 726 958 tabella;
751 891 849 968 atque
873 885 1010 969 primum
1035 883 1166 968 quidem

299 1011 327 1053 a.
352 988 392 1052 de
416 989 599 1052 caesuris
624 988 845 1052 trochaicis
870 989 1068 1068 disserimus,
1087 1008 1223 1072 quarum
1246 987 1348 1049 usita-

212 1093 336 1156 tissima
368 1099 417 1157 est
445 1093 528 1178 apud
552 1093 692 1157 Paulum
716 1113 851 1156 caesura
872 1087 958 1156 acad
981 1089 1165 1175 πέμπτον
1186 1091 1347 1176 τροχαῖον.

212 1195 349 1281 Propter
384 1197 602 1282 frequentiam
640 1197 669 1260 ei
711 1196 801 1260 locus
835 1202 909 1281 post
943 1197 1124 1260 bucolicum
1157 1192 1349 1258 tribuendus

213 1307 312 1380 esset,
337 1300 364 1364 ei
387 1321 502 1364 sensus
518 1321 671 1364 versuum
695 1299 726 1363 ei
742 1304 867 1362 tantam
887 1299 1068 1384 impertiret
1090 1301 1165 1377 vim,
1191 1301 1345 1381 quantam

212 1404 390 1468 bucolicae.
441 1403 604 1477 Quodne
631 1403 703 1484 fiat,
731 1403 800 1488 ipso
829 1425 925 1468 versu
954 1402 995 1466 ad
1025 1403 1123 1466 linem
1146 1404 1344 1486 properante

212 1512 349 1585 vetatur,
374 1527 470 1592 quem
486 1509 637 1592 graviore
655 1507 813 1570 incisione
836 1513 910 1591 post
926 1507 1105 1569 bucolioam
1123 1505 1231 1590 posita
1247 1504 1345 1568 vehe-

211 1611 351 1674 mentius
382 1611 574 1696 interrumpi
603 1609 775 1675 concedes,
827 1609 884 1672 Eis
915 1615 1041 1674 tantum
1064 1611 1097 1672 in
1120 1608 1283 1689 versibus,
1315 1609 1348 1670 in

212 1713 327 1798 quibus
357 1713 450 1799 pedis
488 1712 549 1777 ΙΙΙ.
581 1733 752 1776 caesuram
786 1718 842 1776 aut
870 1712 1082 1792 vocabulum,
1118 1710 1203 1796 quod
1236 1711 1348 1796 plures

212 1839 308 1902 quam
325 1823 477 1901 quattuor
493 1817 593 1880 habet
616 1816 757 1900 syllabas
782 1816 836 1897 (cf.
858 1815 874 1878 I
893 1819 909 1876 7
927 1811 1171 1904 ἐπαυχήσαντες
1187 1807 1347 1898 ἀέθλοις),

212 1925 268 1983 aut
300 1919 562 2004 monosyllabum
591 1941 664 1982 oum
693 1919 750 1982 tali
778 1919 937 1982 vocabulo
967 1920 1174 1983 coniunctum
1202 1919 1349 2003 sequitur

212 2021 266 2107 (cf.
281 2023 298 2086 I
317 2027 354 2086 17
368 2021 576 2110 φαεινοτέρην
586 2043 622 2086 σε
632 2017 810 2107 τεκούσης),
828 2021 921 2106 pedis
935 2023 973 2087 V.
992 2044 1147 2088 caesurae
1163 2023 1347 2086 trochaicae

211 2127 276 2190 vim
311 2127 474 2212 quandam
508 2127 698 2190 tribuamus.
754 2125 847 2188 idem
876 2125 925 2204 fit,
960 2127 986 2188 si
1010 2126 1091 2190 haec
1116 2147 1252 2190 caesura
1273 2131 1349 2212 post

210 2232 472 2317 monosyllabum
510 2231 668 2294 vocabulo
702 2229 841 2315 plurium
874 2230 1072 2314 syllabarum
1106 2237 1175 2294 arte
1204 2229 1347 2294 adfixum

212 2339 291 2415 stat,
319 2335 423 2399 veluti
453 2340 527 2420 post
549 2328 609 2413 τίς,
635 2329 679 2412 δέ,
695 2323 771 2416 Ιμέν,
795 2325 856 2418 γάρ
881 2334 1025 2398 voculas.
1072 2332 1120 2398 Of.
1144 2333 1217 2396 128
1241 2329 1348 2397 ἐπασ-

210 2435 358 2521 συτέροις
380 2436 416 2502 δὲ
438 2434 615 2522 cataplus.
663 2435 728 2501 Sed
759 2437 952 2522 saepissime
976 2458 1015 2500 ea
1039 2443 1095 2500 aut
1118 2437 1269 2501 bucolica
1292 2443 1348 2500 aut

211 2540 481 2626 semiseptenaria
515 2543 643 2605 omnino
675 2541 876 2604 obscuratur.
912 2579 947 2586 —
979 2541 1097 2604 Rarior
1136 2561 1232 2626 quam
1265 2541 1348 2604 hace

211 2666 345 2708 caesura
380 2645 438 2709 sed
472 2644 573 2708 multo
609 2645 732 2707 maiore
766 2643 912 2728 pondere
947 2645 1094 2729 praedita
1129 2651 1179 2708 est
1210 2664 1348 2728 caesura

209 2742 294 2810 acad
318 2747 480 2828 πρῶτον
502 2749 663 2832 τροχαῖον.
712 2747 796 2810 Nam
821 2769 981 2833 persaepe
1006 2769 1106 2812 sensu
1129 2749 1159 2812 ei
1181 2749 1229 2810 vis
1253 2747 1344 2810 adiu-

211 2849 336 2912 dicatur
360 2851 457 2912 etiam
474 2851 735 2933 interpunctione
752 2851 936 2933 conspicua,
960 2851 1135 2935 praecipue
1157 2857 1232 2914 ante
1249 2871 1345 2914 voea-

211 2951 288 3015 bula
319 2957 471 3036 quattuor
502 2958 557 3014 aut
585 2953 727 3036 quinque
751 2952 948 3036 syllabarum
978 2954 1037 3032 ita,
1066 2960 1101 3016 ut
1126 2953 1289 3038 spondeus
1313 2954 1346 3016 in

210 3055 313 3118 altero
330 3055 414 3140 pede
431 3061 506 3135 stet,
530 3055 571 3118 cf.
594 3055 610 3118 I
628 3057 645 3117 7
663 3053 767 3138 δεῦρο,
784 3049 1070 3135 πολισσούχοισιν;
1095 3056 1122 3118 si
1139 3057 1346 3141 coniungitur

211 3177 284 3220 cum
301 3159 534 3222 trithemimere
559 3164 615 3222 aut
639 3157 779 3222 diaeresi
802 3159 895 3243 pedis
919 3158 961 3240 I.‚
985 3159 1047 3222 hae
1072 3180 1227 3224 caesurae
1250 3181 1344 3244 prae-

209 3262 329 3326 valent.
360 3301 398 3307 —
427 3262 567 3326 Perrara
597 3267 694 3346 atque
722 3267 780 3324 aut
802 3262 1037 3326 trithemimere
1071 3269 1128 3326 aut
1157 3263 1296 3328 diaeresi
1319 3262 1344 3326 I.

212 3387 340 3450 semper
362 3366 431 3430 fere
456 3387 615 3452 oppressa
638 3387 775 3429 caesura
798 3366 966 3430 trochaica
989 3366 1079 3452 pedis
1100 3365 1145 3429 II.
1171 3373 1228 3432 est.
1274 3367 1344 3432 Nee

211 3468 336 3550 mirum,
362 3491 436 3532 nam
452 3469 645 3534 hexameter
660 3464 849 3533 incisionem
872 3491 974 3555 prope
998 3472 1191 3535 sollemnem
1214 3472 1346 3535 tertiam

209 3571 297 3634 haud
319 3572 472 3636 lubenter
494 3574 563 3658 pati
586 3572 725 3637 videtur.
770 3573 885 3658 Neque
910 3575 996 3638 enim
1015 3576 1123 3638 minus
1139 3595 1246 3639 raram
1271 3596 1345 3639 esse

209 3675 391 3740 videbimus
415 3676 577 3742 diaeresin
601 3676 694 3762 pedis
718 3677 761 3743 Π.

298 3796 478 3860 (laesuram
500 3797 611 3882 pedis
626 3798 683 3862 IV.
708 3799 919 3875 trochaicam,
943 3822 1006 3885 qua
1029 3803 1125 3886 plane
1147 3802 1345 3866 abstinuisse

208 3900 397 3964 Nonnianos
421 3901 685 3986 Baumgartenus
715 3904 881 3987 expressis
913 3905 1021 3967 verbis
1052 3905 1134 3967 dixit
1165 3904 1278 3989 (p.27‚
1304 3906 1344 3969 of.

208 4003 388 4068 Hermann.
405 4026 436 4088 p.
454 4003 543 4086 691),
568 4010 677 4068 tamen
701 4007 732 4068 in
759 4010 796 4068 17
814 4028 864 4071 vv.
886 4006 981 4070 Pauli
1004 4007 1115 4070 inveni
1137 4029 1243 4091 neque
1267 4030 1344 4074 vero

208 4128 361 4192 umquam
385 4107 452 4171 ulla
476 4107 669 4172 auctoritate
692 4109 889 4192 praeditam
920 4109 977 4172 sed
1002 4116 1058 4173 aut
1082 4131 1223 4194 sequens
1247 4133 1343 4175 voca·

207 4211 319 4275 bulum
342 4207 402 4294 (δέ,
425 4206 486 4290 τίς,
510 4207 583 4294 μέν)
612 4217 678 4275 tam
708 4219 776 4276 arte
801 4233 873 4276 oum
900 4212 1109 4276 antecedenti
1136 4214 1344 4278 coniunctum

296 4401 314 4464 ¹)
333 4397 372 4452 Of.
391 4398 468 4452 Paul.
488 4399 576 4452 1119:
595 4397 706 4452 τέτλαθι
724 4399 908 4468 παμβασίλεια
925 4399 1009 4466 πόλις,
1027 4400 1068 4471 μή
1085 4402 1177 4471 θυμόν
1197 4397 1307 4472 ἁμάξης.
