3224 4946
725 308 937 369 ..80-

265 477 352 560 OIX,
370 500 400 563 p.
417 481 475 541 441
497 477 591 562 sqq).
643 476 783 540 Omnino
801 478 886 542 enim
903 479 1049 542 vitantur
1064 485 1399 566 proparoxytona.

264 579 337 644 Uno
361 582 443 661 loco,
468 603 530 666 quo
551 586 717 644 auctorem
736 580 1009 666 Gynegeticorum
1025 583 1170 646 imitatus
1187 591 1285 663 esset,
1308 583 1399 646 Non-

264 707 341 749 num
365 685 524 749 eiusmodi
546 685 742 749 vocabulum
772 685 942 750 admisisse
973 687 1183 751 Ludwichius
1218 688 1402 764 contendit;

265 791 383 854 ceteris
400 795 509 853 autem
525 789 605 852 locis
629 795 685 852 aut
700 789 862 854 medelam
880 789 1099 854 adhibendam
1122 798 1178 854 aut
1201 793 1288 877 ipsas
1311 791 1399 856 codi-

264 913 337 955 cum
365 894 523 957 lectiones
554 892 731 958 servandas
761 913 834 956 esse
866 894 1003 960 censuit.
1054 894 1178 958 Verum
1209 916 1282 958 cum
1313 895 1400 958 haud

264 995 361 1060 facile
390 997 583 1062 crediderim
613 995 766 1061 Nonnum
794 997 826 1060 iu
854 1018 918 1061 uno
943 1017 1055 1078 versu,
1086 999 1140 1083 qui
1174 999 1251 1062 solis
1275 999 1400 1063 duobus

267 1102 422 1165 extremis
445 1102 554 1166 verbis
584 1095 647 1186 ὕψι
670 1095 807 1186 κάρηνον
830 1123 904 1165 cum
929 1101 1202 1188 Cynegeticorum
1225 1096 1322 1168 versu
1345 1102 1400 1166 illo

266 1206 438 1289 conspirat,
455 1205 666 1270 abhorruisse
684 1204 793 1288 alege
819 1226 887 1286 sua,
910 1207 1098 1290 neutiquam
1113 1197 1305 1271 Ludwichio
1324 1227 1400 1270 con-

266 1307 357 1388 cedo,
381 1314 417 1383 ut
441 1309 539 1372 etiam
561 1309 657 1372 Pauli
678 1307 856 1372 Silentiarii
881 1330 993 1373 omnes
1017 1311 1105 1373 locos
1130 1311 1281 1394 corrigat,
1304 1330 1400 1395 prae-

265 1414 376 1477 sertim
404 1433 477 1476 cum
505 1412 575 1497 ipse
598 1411 647 1474 vir
675 1411 789 1476 doctus
812 1417 944 1496 poetam
967 1413 1000 1490 in
1024 1411 1245 1497 Anthologiae
1268 1413 1400 1498 quidem

267 1516 511 1601 epigrammatis
525 1516 709 1578 liberiorem
723 1515 825 1579 fuisse
840 1515 937 1581 dicat.
972 1515 1176 1602 Quamquam
1193 1517 1402 1581 commutavit

196 1599 200 1608 ’
265 1619 348 1682 hanc
378 1619 563 1705 opinionem
591 1619 624 1681 in
654 1617 939 1682 dissertatiuncula
967 1619 1007 1682 de
1031 1619 1071 1684 A.
1094 1619 1131 1686 P.
1155 1620 1400 1705 epigrammatis

265 1724 386 1808 scripta
408 1722 507 1807 (Mus.
529 1721 592 1786 Rh.
616 1722 705 1803 XLI,
730 1744 760 1807 p.
778 1725 840 1786 592
859 1723 953 1809 sqq).
1000 1722 1161 1796 Quattuor
1186 1725 1271 1788 enirn
1287 1725 1399 1787 huius-

265 1825 352 1889 modi
376 1827 610 1907 clausularum,
640 1846 723 1910 quae
748 1827 900 1910 leguntur
924 1828 957 1889 in
981 1828 1238 1912 epigrammatis,
1267 1834 1333 1891 tres
1355 1829 1402 1891 ita

266 1931 412 2015 explicat
433 1929 660 2010 Ludwichius,
692 1937 728 1994 ut
751 1930 891 1994 Paulum
920 1936 1009 1994 certa
1033 1932 1187 2016 exempla
1209 1939 1401 2018 sequentem

265 2035 379 2114 faciat,
421 2055 482 2098 nec
527 2035 596 2098 sine
636 2055 745 2098 causa.
800 2033 885 2098 Nam
919 2035 1098 2098 clausulam
1132 2037 1228 2100 θεῖον
1258 2029 1402 2122 Ὅμηρον

265 2137 389 2223 (VlIl,
405 2137 436 2221 1)
458 2138 706 2202 usitatissimam
723 2138 825 2202 fuisse
848 2137 934 2223 apud
950 2143 1064 2222 poetas
1079 2135 1224 2202 Graecos
1241 2141 1401 2224 exemplis

265 2263 284 2304 a
306 2241 496 2308 Ludwichio
520 2241 638 2306 adlatis
662 2243 739 2305 satis
764 2241 930 2306 discimus.
957 2279 995 2287 —
1020 2241 1051 2304 V
1069 2243 1177 2322 301,7
1210 2238 1306 2326 χροὸς
1330 2237 1402 2325 ipe-

267 2339 395 2430 ρόεντος
417 2344 539 2408 dictum
563 2345 774 2409 Homericum
798 2367 872 2410 esse
897 2350 988 2431 patet
1013 2365 1054 2408 ex
1077 2343 1125 2407 11.
1139 2343 1172 2414 Ξ
1186 2349 1256 2408 170.
1275 2384 1313 2394 -
1330 2345 1401 2408 Nec

265 2448 386 2528 habac,
424 2469 480 2512 cur
514 2469 578 2512 non
614 2448 779 2513 adsentiar
816 2449 878 2530 eis,
913 2469 997 2533 quae
1033 2448 1073 2512 de
1109 2448 1208 2512 verbo
1242 2441 1402 2537 ἠέρτημαι

266 2552 311 2635 (V
334 2553 407 2630 230,
426 2553 457 2634 7)
482 2551 564 2615 dixit
587 2553 635 2616 vir
658 2551 713 2615 ille
729 2551 840 2616 Nonni
862 2553 1076 2636 peritissimus
1101 2552 1154 2634 (cf.
1173 2573 1271 2638 supra
1287 2575 1318 2640 p.
1336 2553 1400 2639 la).
1445 2553 1446 2558 ’
1500 2645 1506 2655 Ι

269 2655 353 2718 Nam
388 2677 461 2719 eum
484 2661 773 2741 proparoxytonon
808 2661 877 2718 tum
900 2655 993 2741 pedis
1015 2656 1056 2719 V.
1081 2656 1244 2740 spondeus
1268 2679 1400 2742 prover-

267 2760 345 2823 biali
379 2781 441 2823 usu
476 2765 684 2824 excusantur.
722 2797 763 2805 -
803 2759 919 2844 Neque
958 2780 1034 2824 vero
1070 2761 1140 2824 iure
1178 2759 1402 2826 Ludwichium

266 2861 297 2925 V
314 2865 386 2943 275,
405 2865 422 2924 7
447 2869 480 2926 et
502 2861 585 2925 XVI
600 2864 706 2942 278,1
733 2857 852 2948 ἔρωτος
880 2869 1170 2948 proparoxytonon
1201 2870 1345 2928 mutasse
1369 2865 1402 2928 in

268 2959 395 3049 ἐρώτων
418 2965 566 3032 arbitror.
611 2965 695 3028 Nam
720 2986 915 3050 quamquam
944 2973 977 3030 et
999 2967 1069 3029 aliis
1093 2967 1186 3030 Pauli
1209 2967 1289 3030 locis
1314 2973 1346 3030 et
1368 2967 1401 3030 in

267 3069 378 3131 multis
394 3067 503 3132 Nonni
520 3068 668 3134 versibus
692 3070 777 3133 tales
793 3071 963 3154 genetivos
985 3071 1119 3155 pluralis
1142 3070 1175 3134 in
1199 3091 1314 3134 versus
1337 3071 1402 3134 fine

267 3172 389 3256 positos
412 3171 568 3250 videmus,
591 3177 702 3236 tamen
724 3178 857 3259 propter
879 3175 953 3237 illos
976 3173 1010 3236 hi
1034 3173 1097 3237 duo
1121 3175 1182 3238 loci
1205 3195 1270 3238 non
1294 3175 1402 3258 suspi-

268 3276 348 3338 ciosi
379 3283 464 3342 sunt.
516 3275 610 3339 Alter
640 3278 726 3341 enirn
751 3277 846 3362 (XVI
863 3279 935 3357 278,
956 3275 1005 3361 l),
1037 3278 1092 3341 ubi
1123 3279 1163 3342 de
1195 3279 1402 3344 citharoedae

269 3377 438 3442 cuiusdam
455 3380 596 3464 imagine
615 3379 746 3444 dicitur:
771 3380 936 3468 πλῆκτρον
959 3374 1022 3459 ἔχει
1047 3374 1235 3467 φόρμιγγος,
1260 3376 1401 3462 ἔχεικαὶ

268 3481 433 3570 πλῆκτρον
456 3477 587 3567 ἔρωτος,
619 3485 671 3546 vel
699 3489 830 3569 propter
854 3481 1106 3544 concinnitatem
1127 3485 1313 3567 genetivum
1337 3487 1402 3549 sin·

271 3586 394 3669 gularis
432 3586 579 3670 flagitare
614 3587 751 3651 videtur.
803 3586 947 3669 Fugiunt
976 3591 1149 3670 praeterea
1179 3587 1403 3653 Ludwichium

269 3689 451 3776 complures
476 3690 539 3753 loci
562 3690 734 3774 Agathiae‚
760 3691 813 3775 qui
835 3709 1077 3773 nonnumquam
1102 3697 1135 3754 et
1157 3691 1243 3756 idem
1266 3695 1402 3758 verbum

239 3799 241 3804 '
268 3794 312 3872 (V
329 3797 433 3871 278,l
467 3788 599 3879 ἔρωτες,
628 3794 677 3858 VI
701 3797 788 3874 80,3
813 3787 907 3878 ἔρωτι
932 3793 1008 3876 etc.)
1043 3797 1076 3855 et
1104 3793 1168 3857 alia
1197 3804 1335 3861 accentu
1370 3799 1402 3860 in

269 3897 548 3982 antepaenultima
572 3897 678 3981 posito
709 3897 742 3959 in
765 3897 825 3960 hac
850 3916 964 3958 versus
996 3893 1073 3958 sede
1102 3895 1240 3962 admisit.
1287 3899 1402 3985 Itaque

271 4001 401 4064 etiamsi
430 3999 491 4064 hac
522 4001 554 4064 in
578 4019 612 4063 ra
637 3999 843 4064 observanda
866 3999 1004 4062 Paulum
1028 3999 1061 4061 in
1084 3999 1270 4066 universum
1293 4003 1403 4067 Nonni

269 4102 354 4166 dioto
379 4103 566 4167 audientem
596 4103 699 4168 fuisse
728 4110 822 4188 pute,
852 4109 961 4166 tamen
989 4123 1053 4166 non
1077 4102 1249 4189 intellego,
1274 4129 1332 4170 cur
1353 4113 1404 4170 ter

268 4212 325 4269 aut
348 4212 464 4290 quater
488 4227 560 4271 eam
584 4207 692 4290 legem
709 4207 886 4291 neglegere
911 4205 1030 4269 vetitus
1055 4205 1096 4268 sit
1119 4213 1215 4290 poeta
1237 4206 1359 4287 noster,
1384 4231 1403 4273 a

268 4331 331 4394 quo
355 4311 435 4374 alias
460 4332 587 4396 quoque
603 4311 712 4375 Nonni
736 4312 868 4395 regulas
891 4333 956 4376 non
979 4332 1107 4396 semper
1122 4312 1273 4396 religiose
1291 4314 1403 4378 obser-

268 4420 359 4476 vatas
384 4433 456 4475 esse
482 4413 666 4478 viderimus.
