3224 4946
704 321 945 380 -100-

213 476 216 482 *
257 491 382 555 Paulus
395 495 471 554 ante
484 489 597 554 oculos
610 490 712 576 ponit,
725 489 850 575 primus
862 488 936 554 fons
948 489 1046 555 Hom.
1062 495 1092 555 B
1101 495 1158 554 144
1168 493 1395 559 videturesse:

411 588 532 680 κινήθη
555 591 584 658 d’
608 585 710 680 ἀγορὴ
734 587 781 680 φὴ
804 587 936 677 κύματα
958 588 1069 679 μακρὰ
1093 589 1274 684 θαλάσσης.

255 697 365 762 Etiam
387 697 524 761 Nonnus
549 717 623 761 eam
647 697 781 761 carmini
805 718 863 762 suo
886 697 1027 762 inseruit
1049 701 1096 779 (A
1116 699 1203 783 Ι47)ε

411 798 623 883 στεινομένων
644 795 818 888 νεφεληδὸν
839 796 1008 890 ἐπήτριμα
1030 796 1161 886 κύματα
1183 802 1271 868 λαῶν

260 911 294 971 et
316 903 554 989 Tripbiodorus
577 906 620 989 (v.
643 903 732 990 109):

411 1006 499 1072 λαῶν
521 999 701 1093 ὀρνυμένων
723 999 850 1090 ὁμαόὀν
872 1003 930 1072 καί
952 1007 1041 1090 κῦμα
1064 1003 1229 1096 φαγόντες.

255 1110 351 1176 Pauli
375 1131 404 1176 v.
428 1110 515 1174 129:

415 1209 577 1300 ῥωμαλέος
598 1207 754 1300 δοίπησε,
777 1208 888 1278 πεσών
911 1213 940 1278 δ’
964 1208 1106 1299 istodoro
1127 1211 1237 1302 κονίην

258 1317 408 1383 omnibus
440 1317 474 1380 in
501 1317 690 1382 memoriam
718 1321 851 1382 revocat
873 1317 1010 1382 Homeri
1041 1317 1164 1384 dictum
1192 1322 1396 1387 notissimum

260 1421 307 1507 (A
321 1420 412 1502 500:

362 1518 526 1610 δούπησεν
548 1521 585 1589 δὲ
606 1519 727 1605 πεσών,
750 1516 896 1612 ἀράβησε
918 1522 955 1590 δὲ
976 1519 1077 1607 τεύχε’
1100 1523 1155 1592 ἐπ’
1179 1520 1277 1615 αὐτῷ.

260 1629 442 1696 Praeterea
462 1633 690 1713 comparentur
718 1627 803 1692 inter
832 1649 884 1692 se:
913 1628 950 1695 P.
974 1629 991 1692 I
1011 1632 1087 1694 188:
1115 1625 1203 1717 πύλη
1225 1628 1397 1722 μυκήσατο

259 1735 337 1819 νηοῦ
360 1739 393 1796 et
415 1731 513 1797 Hom.
531 1734 561 1796 E
571 1733 633 1796 799
649 1736 711 1797 etc.
735 1724 923 1816 αὐτόμαται
946 1731 982 1798 δὲ
1004 1728 1109 1800 πύλαι
1128 1729 1231 1819 μύκον
1247 1729 1397 1823 οὐρανοῦ.

259 1835 389 1901 Deinde
412 1856 529 1900 versus
552 1835 645 1900 initia
659 1835 696 1900 P.
720 1835 835 1899 1275:
860 1833 1006 1919 πένταχα
1024 1836 1227 1925 μοιρηθέπα
1250 1848 1284 1906 et
1299 1840 1397 1911 Hom.

259 1943 304 2005 M
327 1942 383 2004 87:
415 1936 562 2021 πένταχα
596 1935 826 2026 κοσμηθέντες.
857 1977 899 1988 -
930 1941 1109 2007 Praeterea
1136 1943 1257 2008 Paulus
1297 1946 1398 2011 verba

261 2041 345 2129 ἕρμα
367 2038 502 2132 πολήων
525 2043 555 2128 (Ι
572 2041 628 2128 86)
649 2043 690 2108 ad
710 2044 898 2130 exemplum
915 2043 1051 2110 Homeri
1068 2046 1248 2113 confecisse
1266 2047 1397 2114 videtur

260 2148 317 2233 (cl.
340 2151 379 2212 11
390 2151 468 2212 549:
491 2143 574 2231 ἕρμα
597 2140 746 2233 πόληος).
770 2185 812 2194 -
834 2147 1091 2213 Hemisticbium
1115 2156 1226 2215 autem
1242 2151 1397 2217 Homeri-

262 2271 352 2332 cum,
383 2249 469 2337 qnod
496 2249 530 2314 in
553 2249 662 2314 Nonni
685 2250 883 2316 carminibus
911 2272 977 2316 non
1000 2251 1083 2338 legi,
1114 2253 1233 2318 Paulus
1255 2254 1398 2320 intexuit

263 2355 373 2420 versui
395 2353 483 2417 156:
506 2355 585 2439 μαῖα
607 2351 637 2418 δ’
660 2348 916 2436 ὑπεστενάχιζεν.
940 2355 989 2420 Of.
1013 2356 1110 2424 Hom.
1135 2361 1166 2422 Β
1183 2360 1255 2425 781.

348 2457 410 2522 His
434 2455 572 2522 Homeri
594 2457 750 2536 flosculis,
774 2458 891 2542 quibus
914 2459 1037 2523 Paulus
1061 2466 1156 2546 prata
1179 2483 1238 2526 sua
1261 2463 1396 2544 ornavit,

263 2560 394 2626 adicere
421 2559 520 2624 liceat
547 2563 658 2622 cetera
680 2559 817 2622 aliorum
841 2560 1035 2646 scriptorum
1057 2563 1215 2648 vestigia,
1239 2585 1323 2650 quae
1347 2565 1397 2630 in-

260 2664 345 2730 ueni.
391 2660 481 2736 Quos
505 2662 603 2741 locos,
628 2661 756 2726 etiamsi
772 2661 912 2726 Paulum
935 2664 1072 2729 consilio
1091 2686 1223 2753 semper
1245 2670 1399 2755 exempla

262 2767 318 2832 illa
330 2767 491 2832 imitatum
504 2785 579 2831 esse
602 2765 674 2852 ipse
692 2765 892 2832 contendere
915 2787 981 2832 non
998 2767 1113 2849 ausim,
1137 2775 1247 2836 temen
1268 2771 1398 2836 silentio

260 2871 442 2958 praeterire
464 2867 565 2934 nolui.

348 2974 388 3039 In
410 2994 509 3039 versu
531 2993 561 3037 a.
578 2975 629 3054 89,
659 2993 721 3059 quo
746 2973 865 3039 Paulus
887 2973 1075 3040 inferiorem
1098 2975 1247 3041 ambonis
1270 2982 1397 3063 partem

263 3080 310 3144 sio
333 3077 503 3144 describit:

457 3170 513 3247 οἷα
535 3176 758 3267 κραταιρίνοιο
780 3174 944 3268 κεκυφότα
966 3181 1053 3246 νῶτα
1075 3175 1220 3268 χελώνης,

262 3280 381 3372 χελώνη
413 3286 470 3351 illa
500 3281 708 3371 κραταίρινος
736 3292 886 3372 spectare
909 3286 1039 3350 videtur
1061 3285 1104 3350 ed
1126 3287 1294 3350 oraculum
1318 3286 1398 3350 illud

262 3413 282 3456 a
304 3390 423 3477 Pythia
445 3389 566 3456 Croeso
589 3389 711 3471 datum,
734 3395 771 3454 ut
792 3389 1033 3455 Herodotus
1057 3396 1168 3456 narrat
1191 3390 1305 3475 (147);

418 3483 504 3580 ὀδμὴ
527 3490 562 3576 μ’
585 3489 619 3570 ἐς
641 3489 760 3579 φρένας
781 3481 867 3580 ἦλθε
889 3488 1113 3579 κραταιρίνοιο
1135 3487 1281 3582 χελώνης.

263 3596 335 3662 Ηοο
360 3595 529 3682 epitheton
551 3595 624 3659 aliis
648 3595 728 3660 locis
752 3595 838 3660 haud
861 3596 1001 3682 repperi.

349 3697 710 3765 Alexandrinorum
738 3698 883 3764 carmina
909 3698 1165 3784 Byzantinorum
1196 3698 1398 3784 temporibus

263 3825 383 3890 magno
407 3823 480 3869 cum
501 3801 607 3867 studio
626 3803 776 3868 lectitata
798 3824 872 3868 esse
895 3823 969 3867 cum
993 3823 1033 3869 ex
1050 3803 1294 3889 epigrammatis
1318 3803 1398 3868 satis

264 3909 471 3996 perspicitur,
494 3913 564 3972 tum
584 3907 680 3974 valde
697 3906 923 3994 comprobatur
939 3909 1083 3974 carmine
1100 3907 1238 3974 Musaei.
1282 3906 1400 3993 Neque

263 4033 369 4100 pauca
398 4010 635 4078 Alexandrinis
669 4009 783 4078 debuit
811 4011 1099 4100 Nonnun-ipse1).
1153 4013 1194 4076 In
1216 4011 1311 4078 Pauli
1341 4010 1398 4076 de-

266 4116 442 4203 scriptione
465 4135 566 4180 unum
589 4113 696 4180 locum
717 4115 844 4201 inveni,
867 4136 931 4202 quo
954 4115 1246 4183 Callimachum
1269 4115 1301 4181 ei
1323 4120 1399 4180 ante

353 4338 373 4407 ¹)
392 4337 433 4393 Of.
446 4337 549 4393 Naekii
560 4337 786 4395 dissertationem
804 4339 839 4394 de
848 4339 1014 4396 Callimachi
1024 4338 1126 4394 Hecale
1135 4336 1267 4405 scriptam
1286 4337 1400 4407 (oppll

262 4441 292 4493 p.
306 4423 363 4478 108.
383 4423 432 4478 121
443 4442 483 4494 sq.
503 4424 554 4479 133
571 4426 635 4492 etc.)
