3224 4946
716 267 842 348 —'60
888 322 929 332 -

254 454 326 520 Dos
347 455 483 537 Priacc'p
511 455 567 519 der
588 452 862 538 Silbcawoepuap,
896 476 1091 541 quamquam
1118 456 1182 518 iam
1211 460 1308 519 antea
1334 456 1389 517 alii

254 558 294 622 dc
318 558 381 622 hac
409 580 444 622 re
476 563 630 644 egerunt,
659 558 781 622 facturn
805 580 879 628 esse
902 559 981 622 mihi
1003 558 1145 641 videtur,
1172 563 1209 622 ut
1231 559 1324 642 leges
1348 557 1388 621 de

254 661 317 726 hoc
331 661 363 724 N
366 661 442 725 onni
463 683 525 725 usu
543 662 742 748 compositae
759 661 866 727 denuo
882 663 1148 727 examinarentur
1171 667 1204 725 et
1227 662 1311 726 aliae
1334 667 1390 725 aut

256 766 532 849 amplificarentur
548 772 605 830 aut
620 766 895 848 modificarentur,
912 767 996 832 aliae
1015 767 1144 831 omnino
1161 765 1389 832 refutarentur.

257 867 420 953 Imprimis
444 869 677 934 Scheindlerus
707 875 740 934 et
762 869 1025 955 Baumgartenus
1054 891 1115 934 nec
1145 889 1208 933 non
1235 869 1389 955 Aloysius

256 971 453 1036 Rzach'hac
477 971 529 1036 via
550 971 760 1057 Hilbergiunr
782 973 884 1036 secuti
908 977 992 1036 sunt.
1037 971 1216 1057 Equidem,
1245 971 1272 1035 si
1295 971 1390 1034 Pauli
1414 1007 1416 1010 ·

257 1074 437 1140 Silentiarii
465 1097 560 1139 usum
588 1075 723 1140 uberius
755 1077 988 1160 explanaturus
1011 1096 1098 1157 sum,
1128 1096 1224 1161 spero
1247 1075 1332 1155 fore,
1355 1079 1392 1138 ut

259 1200 317 1265 pro
341 1179 422 1244 meis
439 1179 560 1243 viribus
575 1179 659 1244 hano
677 1180 899 1264 quaestionem
914 1179 1151 1264 aliquantulum
1165 1181 1391 1265 promoveam3

256 1303 332 1346 narn
363 1304 426 1368 quo
460 1285 592 1370 saepius
620 1285 820 1369 singulorum
848 1289 1021 1370 poetarum
1042 1282 1288 1348 Nonnianorum
1311 1304 1391 1346 usus

258 1377 467 1468 observatur,
508 1408 547 1452 eo
589 1387 709 1452 certius
741 1389 927 1453 universam
960 1388 1068 1472 legem
1103 1387 1257 1452 constitui
1293 1408 1392 1473 posse

258 1490 423 1556 existimo.

344 1593 408 1657 Hic
438 1614 566 1678 quoque
600 1614 718 1678 sequar
748 1594 909 1670 ordinem,
940 1614 1037 1678 quern
1067 1593 1331 1677 Baumgartenus
1360 1593 1394 1656 in

259 1695 498 1761 dissertationis
530 1717 561 1780 p.
579 1698 620 1760 36
637 1717 705 1782 sqq.
729 1697 887 1781 praeivit,
918 1697 965 1760 ita
994 1702 1030 1760 ut
1059 1697 1199 1782 primurn
1223 1695 1330 1759 dicam
1353 1694 1393 1759 de

260 1799 414 1865 brevibus
431 1800 607 1885 syllabis
627 1800 822 1865 finalibus
846 1801 879 1864 in
903 1801 986 1864 arsi
1001 1799 1180 1886 productis,
1197 1798 1394 1884 distinguam

261 1908 372 1987 autem
389 1902 548 1968 vocabula
564 1904 791 1990 monosyllaba
815 1909 847 1968 et
863 1903 1025 1989 disyllaba
1046 1909 1080 1968 et
1095 1902 1275 1988 trisyllaba,
1298 1923 1394 1988 prae-

261 2011 353 2072 terea
385 2027 440 2088 ea,
468 2027 552 2091 quae
580 2013 636 2071 aut
658 2006 751 2072 brevi
773 2008 880 2073 vocali
903 2007 1112 2089 clauduntur,
1137 2013 1193 2072 aut
1217 2011 1340 2070 exeunt
1362 2005 1395 2068 in

261 2135 297 2175 αι
321 2115 353 2174 et
376 2133 429 2190 oc,
460 2115 516 2176 aut
545 2132 643 2176 unam
672 2119 908 2178 consonantem
937 2113 1030 2198 quasi
1058 2113 1234 2178 terminum
1261 2110 1394 2175 habent.

261 2214 406 2298 Singulis
429 2214 597 2280 ordinibus
620 2238 715 2282 usum
739 2239 852 2282 earum
869 2218 1069 2303 syllabarum
1085 2217 1230 2282 finalium
1246 2215 1396 2294 adiciam,

263 2339 346 2402 quae
369 2323 486 2383 natura
501 2319 618 2404 longae
643 2326 728 2404 sunt,
751 2327 788 2384 ut
811 2323 919 2408 aptius
943 2320 1152 2407 comparandi
1175 2320 1313 2384 facultas
1337 2340 1395 2382 ex·

263 2421 367 2485 sistat.
411 2420 647 2506 Baumgarteni
663 2429 774 2488 autem
789 2424 1074 2489 observationibus
1090 2424 1132 2490 ad
1149 2421 1396 2488 Ohristodorum
1492 2424 1504 2449 ⁴

263 2524 490 2609 spectantibus
513 2531 596 2609 utar,
621 2529 879 2613 quotiescunque
903 2527 1035 2592 dabitur
1058 2527 1199 2593 occasio.

350 2626 498 2693 Confinia
520 2631 753 2696 vocabulorum
776 2631 999 2718 producuntur
1022 2631 1108 2718 apud
1131 2631 1270 2695 Paulum
1292 2627 1396 2692 Silen-

207 2783 217 2806 ,
263 2730 393 2794 tiarium
418 2730 558 2810 (numeri
580 2733 621 2798 ad
644 2735 746 2799 solam
768 2733 942 2820 euphrasin
964 2732 1173 2820 respiciunt):

555 2949 558 2954 .
731 2875 772 2942 A.
805 2875 839 2939 in
862 2873 939 2939 arsi

615 2977 643 3046 Ι.
679 2979 719 3042 in
740 2978 1054 3065 monosyllabis,

352 3100 382 3144 a.
405 3098 489 3164 quae
513 3081 626 3146 brevi
648 3084 781 3148 vocali
803 3083 1031 3163 terminantur,

523 3184 556 3248 in
578 3184 663 3271 pede
707 3187 725 3250 I
768 3186 804 3250 ΙΙ
847 3185 899 3249 ΙΙΙ
943 3185 992 3250 IV
1036 3184 1067 3248 V
1113 3182 1160 3248 VI

767 3276 806 3336 12
840 3273 898 3360 —¹)
948 3272 1002 3359 1²)
1030 3271 1084 3356 1³)
1119 3305 1158 3316 —

706 3371 751 3456 δέ,
767 3372 847 3456 aad
899 3451 901 3457 Ι

357 3474 376 3539 1)
396 3472 556 3541 Numquam
580 3475 671 3530 brevis
690 3476 794 3531 vocalis
812 3477 843 3530 in
861 3475 1060 3546 semiquinaria
1079 3475 1249 3545 producitur.
1269 3475 1301 3528 cf.
1320 3473 1403 3526 Tied-

267 3556 346 3610 kium
364 3577 410 3627 qu.
429 3559 521 3614 Noun.
540 3579 581 3631 sp.
600 3563 651 3630 §2

356 3644 376 3714 2)
396 3662 420 3700 a.
435 3646 498 3700 107:
517 3646 545 3707 ἐς
556 3647 643 3702 Νότον
656 3649 683 3709 ἐς
694 3651 797 3721 Βορέην
814 3649 904 3704 τε·τὸ
922 3649 956 3702 δὲ
972 3650 1054 3709 σπέος
1066 3649 1173 3704 εἴκελον
1186 3651 1260 3720 οἴκῳ.
1287 3647 1403 3717 Saepius

269 3730 387 3785 Nonnus
405 3732 446 3787 sic
463 3735 570 3790 voculis
588 3737 604 3788 o‘
622 3736 660 3803 δέ,
679 3737 710 3790 td
730 3737 762 3791 δέ
777 3737 852 3792 inter
871 3754 900 3792 se
919 3736 1075 3792 coniunctis
1093 3737 1192 3791 utitur.

356 3819 376 3889 8)
395 3820 503 3876 11529:
533 3822 632 3897 όπρὶν
650 3824 760 3898 ἐέργων.
795 3825 834 3880 cf.
854 3824 992 3880 Christod.
1009 3825 1052 3878 24.
1065 3825 1098 3879 97
1123 3824 1150 3892 (ὁ
1170 3821 1258 3896 πρίν),
1282 3824 1311 3876 et
1333 3839 1406 3891 quae

269 3907 384 3977 Baumg.
404 3909 588 3978 explicaverit
605 3931 632 3982 p.
646 3914 688 3967 37.
707 3915 741 3970 cf.
760 3914 845 3968 etiam
863 3915 954 3968 Noun.
974 3913 1015 3979 34,
1028 3914 1070 3969 56.
1088 3911 1121 3966 rc*
1137 3909 1203 3984 πρὶν
1221 3905 1349 3980 ἀμείψας.

355 4014 387 4082 b.
413 4036 497 4101 quae
520 4018 554 4082 in
577 4043 613 4084 αι
636 4025 693 4084 aut
716 4043 748 4086 οι
772 4026 905 4100 exeunt,

529 4120 1168 4217 uwrnmwvm

706 4213 811 4276 5318
860 4210 913 4297 1¹)
952 4248 991 4258 —
1049 4211 1068 4272 9
1121 4243 1160 4254 -

362 4319 494 4391 ¹)1106:
520 4312 552 4371 ori
576 4313 643 4387 γιέρ,
663 4311 757 4380 Cluui,
783 4315 808 4367 εἰ
828 4313 874 4366 καὶ
898 4327 929 4367 σε
950 4309 1172 4379 καταπτήσσουσι
1196 4307 1250 4360 κτλ.
1291 4306 1407 4360 Perraro

273 4407 349 4480 apud
367 4405 487 4462 Paulum
506 4400 729 4472 monosyllabum
747 4399 778 4453 in
795 4399 851 4454 arsi
869 4399 917 4455 ΙΙΙ.
936 4400 1007 4465 stat,
1030 4397 1060 4450 id
1078 4393 1154 4464 quod
1172 4394 1291 4464 apparet
1309 4409 1324 4446 e
1343 4391 1407 4462 lege
