3224 4946
681 299 894 358 „57-

222 465 369 529 versibus
385 465 410 548 ¹)
440 465 496 528 ille
525 465 626 528 oritur
647 467 946 551 praepositionibus
973 461 1030 546 ἐνί,
1054 461 1123 545 ἐπί,
1147 457 1216 532 ὑπό
1238 488 1355 552 prono·
1398 521 1400 525 ,

221 567 301 630 mini
329 568 466 632 relativo
496 569 701 660 postpositis,
733 570 818 633 sicut
847 571 879 632 in
910 557 936 656 ᾦ
964 561 1031 634 ὑπὸ
1054 562 1164 656 μούνω
1193 569 1224 654 (Ι
1248 571 1292 652 9).
1316 607 1356 616 -

221 669 397 740 Accedunt
437 677 590 755 quattuor
620 673 892 756 epigrammatum
928 674 992 736 loci
1026 673 1172 736 eiusdem
1205 673 1355 758 generis:

222 774 252 836 v
276 777 349 856 τω,
375 776 402 838 τ.
435 777 508 854 275,
530 777 559 842 e.
588 773 638 838 vr
659 779 709 854 νο,
728 779 754 840 1.
784 777 835 856 ar,
862 779 897 851 1;
926 775 1010 840 adde
1033 775 1187 858 vesal
1220 769 1243 864 ἢ
1271 769 1358 854 ὀπὸς

222 871 304 964 ἥβης
327 876 383 962 (of.
407 876 571 941 Christod.
595 880 730 962 5176).

309 980 383 1044 Uno
413 981 485 1044 loco
519 979 625 1044 hiatus
655 981 801 1045 dativum
832 981 983 1046 adiectivi
1015 982 1180 1072 sequitur,
1210 983 1243 1045 in
1273 982 1357 1046 amb.

223 1107 253 1150 v.
278 1088 353 1149 13¹:
384 1080 493 1162 κίονος
521 1080 711 1170 ἱδρυθέντος
740 1081 879 1172 ἐυξέστῳ
908 1083 967 1150 ἐπὶ
995 1086 1113 1171 βωμῷ;
1143 1106 1227 1170 quae
1259 1085 1360 1150 verba

223 1208 288 1251 non
319 1208 393 1252 esse
417 1186 573 1252 mutanda
600 1187 633 1250 in
663 1183 820 1266 ἐοξέστων
849 1185 908 1252 ἐπὶ
931 1188 1050 1272 βωμῶν
1073 1187 1128 1268 (of.
1154 1187 1357 1252 Scheindler.

223 1289 375 1354 Zeltsolrr.
398 1289 422 1370 f.
446 1295 472 1354 ὅ.
500 1289 539 1354 G.
566 1292 659 1372 1878,
682 1311 713 1376 p.
731 1290 808 1376 903)
838 1313 881 1355 ex
911 1291 1084 1354 simillimis
1115 1312 1189 1355 cum
1220 1289 1358 1355 Homeri

224 1405 292 1460 tum
317 1394 520 1460 Ohristodori
543 1397 746 1481 aliorumque
767 1398 928 1482 exemplis
951 1398 1160 1483 perspicuum
1183 1417 1257 1460 esse
1279 1396 1359 1460 mihi

226 1498 400 1582 videturl).
440 1498 490 1564 of.
507 1499 645 1564 Homeri
668 1503 797 1564 11402:
822 1497 961 1586 ἐυξέστῳ
982 1497 1029 1564 ἐνὶ
1051 1495 1158 1586 δίφρῳ
1182 1505 1214 1563 et
1239 1500 1359 1563 9271:

227 1601 366 1690 ἐυξέστῳ
378 1601 436 1668 ἐπὶ
446 1605 547 1690 ῥυμῷ,
563 1603 669 1670 Noun.
682 1605 722 1671 D.
738 1608 788 1686 38,
802 1609 880 1670 278:
903 1599 1073 1692 φυλλοχόῳ
1091 1602 1138 1670 ἐνὶ
1153 1599 1231 1690 μηνί
1247 1604 1361 1690 (eod),

227 1707 390 1772 Christod.
418 1713 450 1770 l:
481 1703 651 1795 ἕογλύωτνμ
675 1706 733 1774 ἐπὶ
755 1709 869 1796 βωμῷ,
898 1732 928 1776 v.
952 1712 1026 1774 170:
1048 1702 1166 1795 ἀψύχῳ
1188 1705 1235 1774 ἑνὶ
1256 1705 1359 1795 τέχνῃ,

224 1835 254 1906 ν.
274 1815 347 1876 177;
372 1807 534 1900 ἀφωνήτῳ
551 1810 598 1878 ἐνὶ
613 1807 737 1900 κόσμῳ.
782 1813 876 1879 Haeo
900 1814 963 1878 duo
981 1813 1184 1878 Christodori
1208 1815 1361 1900 exempla

225 1938 266 1980 ne
284 1914 515 1979 Scheindlerus
540 1918 691 2002 corrigat,
715 1913 763 1982 ἐνί
780 1919 1021 2003 praepositione
1039 1917 1240 2002 prohibetur,
1264 1938 1361 2002 quam

194 2057 199 2068 ι
225 2039 297 2082 esse
320 2017 512 2082 servandam
540 2020 592 2083 his
619 2021 702 2084 locis
731 2020 848 2086 alii'et
876 2021 997 2084 similes
1021 2020 1224 2085 Christodori
1246 2041 1361 2085 versus

225 2123 354 2188 docent.
398 2121 546 2204 Accedit,
564 2123 648 2208 quod
660 2124 860 2209 praepositio
876 2119 944 2203 ἐντί,
969 2145 1044 2188 cum
1057 2123 1200 2208 pendeat
1217 2145 1236 2188 a
1252 2122 1372 2187 verbis?

225 2228 375 2316 ponendi,
398 2228 570 2312 perpaucis
592 2228 670 2292 locis
691 2228 836 2292 exclusis
858 2248 986 2312 semper
1008 2248 1082 2292 curn
1097 2225 1206 2290 dativo
1223 2247 1243 2289 a
1258 2224 1361 2290 Paulo
1483 2251 1491 2260 ·

226 2333 446 2418 coniungitur3
471 2331 511 2395 cf.
535 2331 642 2416 ipsum
665 2353 797 2396 versum
820 2330 1071 2396 antecedentem
1094 2329 1139 2414 (a.
1158 2328 1251 2414 129);

486 2427 573 2522 ὄφρα
596 2457 649 2500 κεν
674 2471 712 2482 -
737 2427 870 2522 ἀρηρότι
892 2430 1001 2500 salodi
1023 2430 1104 2499 κίων

379 2533 469 2622 ἴχνος
491 2535 675 2626 ε’φιόρύσειε
697 2534 807 2624 βαλὼν
829 2537 982 2626 περιηγέϊ
1000 2539 1113 2625 βωμῷ.

229 2659 293 2724 Sed
322 2665 358 2723 ut
385 2660 448 2724 hoc
479 2660 614 2724 strictim
638 2666 788 2744 tangam,
812 2665 938 2724 tantum
960 2660 1071 2741 abest,
1094 2663 1131 2722 ut
1154 2657 1268 2722 eadem
1292 2657 1362 2721 fere

228 2763 376 2827 clausula
405 2784 520 2827 versus
547 2767 604 2826 131
637 2761 776 2849 ἐυξέστῳ
806 2761 864 2828 ἐπὶ
887 2763 991 2849 βωμῷ
1012 2783 1113 2826 unum
1135 2767 1211 2848 post
1232 2781 1363 2825 versum

227 2867 367 2952 repetita
390 2865 565 2930 abhorreat
587 2887 607 2929 a
628 2866 724 2928 Pauli
747 2887 823 2942 usu,
846 2871 883 2930 ut
905 2866 988 2929 tales
1012 2864 1362 2950 repetitiones'luhen-

227 2968 354 3032 tissime
370 2965 522 3031 admittat
538 2972 637 3051 poeta
651 2966 682 3029 N
684 2967 853 3030 annianus.
893 2965 983 3030 Siout
999 2966 1049 3030 his
1066 2965 1107 3030 de
1121 2965 1228 3030 causis
1242 2964 1363 3029 codicis
1427 3047 1430 3058 ¹

227 3072 403 3137 lectionem
433 3067 606 3134 tenendam
645 3089 720 3132 esse
749 3074 842 3154 puto,
871 3070 918 3134 ita
946 3069 1086 3156 pluralia
1118 3065 1276 3148 εὀξέστων
1304 3063 1364 3132 ἐπὶ

227 3173 348 3260 βωμῶν
376 3194 450 3238 eum
481 3172 640 3257 singulari
670 3193 804 3236 numero
831 3174 1006 3238 verborum
1032 3168 1142 3250 κίονος
1174 3162 1364 3258 ἱδρυθέντος

230 3279 403 3345 coniuncta
413 3276 617 3342 Seheindleri
628 3277 835 3342 coniecturae
846 3299 1029 3364 repugnare
1042 3277 1197 3352 arbitr0r;
1215 3275 1363 3360 singulae

229 3383 315 3448 enim
339 3381 476 3466 singulis
500 3381 532 3444 in
554 3380 774 3445 fundamentis
798 3381 926 3467 positae
951 3387 1026 3444 sunt
1050 3379 1229 3445 columnae.

313 3485 350 3549 In
368 3485 518 3550 omnibus
541 3485 592 3549 his
608 3485 718 3550 hiatus
734 3485 847 3552 formis
864 3486 986 3551 Paulus
1002 3486 1155 3550 Nonnum
1171 3485 1364 3570 magistrum

228 3591 380 3676 religiose
407 3589 562 3675 sequitur,
586 3590 641 3674 qui
663 3590 891 3676 huncquoque
914 3613 1009 3656 usum
1026 3591 1201 3655 artioribus
1217 3590 1364 3654 terminis

231 3693 459 3758 circumclusit.
504 3692 589 3756 Nam
605 3694 675 3756 sola
696 3713 735 3757 ea
757 3693 866 3758 hiatus
883 3694 997 3775 forma,
1021 3695 1062 3758 de
1086 3715 1150 3778 qua
1172 3693 1263 3756 initio
1279 3691 1363 3755 dixi-

229 3819 313 3877 mus,
330 3816 565 3882 saepenumero
580 3797 613 3860 in
626 3796 855 3882 Panopolitani
868 3798 1064 3862 carminibus
1078 3796 1226 3862 occurrit.
1261 3795 1364 3860 Multo

229 3901 334 3965 rarius
357 3906 456 3984 poeta
478 3899 580 3963 utitur
603 3905 637 3964 et
660 3901 764 3965 altera
786 3901 891 3965 forma
914 3901 1150 3986 (diphthongus
1175 3900 1244 3964 sive
1267 3900 1365 3984 longa

228 4004 349 4070 vocalis
378 4003 412 4066 in
441 4002 548 4087 priore
576 4002 664 4067 thesi
687 4004 874 4091 corripitur)
904 4025 1008 4088 eaque
1031 4008 1162 4090 praeter
1183 3998 1241 4068 καί
1263 4003 1364 4088 parti·

317 4209 338 4278 ¹)
357 4207 396 4263 ef.
414 4225 458 4262 vv.
478 4207 526 4261 19.
545 4207 604 4262 151.
622 4205 720 4262 11260.
739 4207 799 4260 427.

318 4315 339 4382 ²)
358 4313 399 4366 De
416 4313 469 4367 hoc
487 4327 588 4381 genere
600 4311 696 4365 hiatus
714 4311 825 4381 saepius
842 4311 962 4366 admisso
980 4327 997 4364 a
1015 4309 1106 4380 poetis
1121 4309 1207 4365 Anth.
1219 4309 1277 4364 Pal.
1297 4308 1366 4368 scite

230 4399 361 4456 disseruit
378 4398 519 4456 Iacobsius
538 4398 581 4469 (A.
600 4399 630 4452 Ρ.
649 4399 714 4454 torn.
733 4399 775 4452 III
792 4417 819 4471 p.
838 4398 907 4466 XX).
998 4483 999 4488 ἵ
