3252 4954
682 287 893 348 -43-

222 455 342 540 001011,
376 456 552 520 volubilem
583 455 719 520 reddere
750 457 881 520 studuit.
933 456 1048 539 Neque
1078 454 1163 520 enim
1186 455 1357 539 quisquam

222 557 355 642 negabit
386 578 522 622 caesura
560 558 793 642 semiquinaria
825 548 944 621 versus
969 558 1093 620 fluxum
1123 559 1224 621 multo
1253 561 1357 643 magis

220 662 412 746 interrumpi
439 683 537 746 quam
566 683 702 725 caesura
733 663 790 725 illa
817 655 902 725 κατὰ
928 655 1038 746 τρίτον
1060 663 1220 745 τροχαῖον.
1266 661 1357 734 Quae

221 771 423 850 quantopere
441 765 527 850 apud
545 765 681 829 Paulum
700 786 828 851 quoque
845 765 1110 848 semiquinariam
1125 765 1356 846 obscuraverit,

220 889 262 932 ex
294 868 419 932 tabella
447 868 555 930 statim
579 868 791 953 proponenda
813 869 1005 951 intellegas,
1033 887 1115 952 quae
1141 869 1269 932 omnino
1294 891 1358 934 non

221 971 316 1034 aliter
349 969 508 1055 disposita
538 975 636 1054 atque
664 971 720 1034 illa
753 971 987 1054 Baumgarteni
1018 968 1064 1055 (p.
1091 968 1146 1055 23)
1181 971 1281 1034 etiam
1315 972 1356 1036 de

221 1073 339 1136 ceteris
368 1074 514 1136 caesuris
545 1075 679 1137 maioris
708 1072 862 1158 ponderis
886 1072 1004 1136 doceat
990 1077 1104 1152 teos,
1135 1073 1188 1156 qui
1212 1095 1284 1138 eam
1306 1076 1355 1140 10-

221 1171 369 1292 spicient.
416 1179 455 1240 28
479 1183 589 1241 autem
613 1197 724 1241 versus
748 1198 790 1241 ex
818 1177 1023 1240 116510101100
1049 1177 1199 1240 carminis
1223 1184 1358 1264 propter

221 1279 337 1342 nimias
360 1279 493 1343 lacunas
518 1281 686 1344 observari
703 1302 775 1344 000
797 1286 854 1365 001
855 1287 983 1344 uerunt.

170 1555 373 1610 Coniunctaest
400 1571 513 1609 caesura
523 1555 594 1608 κατιὶ
602 1554 831 1627 τρίτοντροχαῑον
1021 1555 1253 1625 penthemimeres

185 2033 216 2085 in
232 2033 356 2086 versibus

168 2118 251 2172 huius
258 2119 362 2172 formae

210 2221 335 2275 dsddd
385 2223 416 2275 16
444 2222 478 2274 22
505 2225 540 2278 23
565 2224 600 2277 93
627 2225 721 2281 25103
749 2227 782 2279 22
809 2228 840 2280 21
887 2225 963 2280 331
991 2255 1026 2265 -
1055 2225 1087 2277 10
1116 2223 1148 2276 12
1176 2253 1206 2261 -
1271 2221 1321 2275 381

210 2308 339 2361 ddddd
387 2310 417 2362 13
444 2310 599 2365 2411605
627 2311 661 2366 24
688 2313 721 2365 08
748 2315 779 2366 21
809 2314 843 2367 28
887 2312 964 2366 329
1009 2311 1025 2363 2
1055 2309 1086 2362 13
1133 2311 1146 2362 1
1192 2311 1209 2364 3
1272 2307 1323 2360 340

212 2395 331 2448 dsdsd
384 2396 720 2452 31492830-
765 2400 782 2452 2
826 2402 842 2452 4
887 2401 961 2452 3-

401 2571 1022 2627 3632012145210-

199 2791 229 2844 10
249 2809 357 2845 summa
384 2793 503 2847 361501

309 3081 434 3154 Quibus
459 3102 501 3145 ex
525 3083 667 3147 numeris
692 3083 769 3146 satis
794 3083 1000 3167 cognoscitur
1023 3082 1109 3167 apud
1130 3081 1269 3144 Paulum
1291 3101 1356 3143 000

221 3185 327 3248 miuus
350 3183 556 3268 frequentem
580 3207 654 3251 esse
678 3207 846 3250 caesuram
870 3187 1001 3250 tertiam
1023 3185 1227 3264 femininam,
1261 3205 1356 3269 quam

221 3288 307 3374 apud
337 3289 443 3374 ipsum
467 3289 630 3356 Nonnum.
676 3291 760 3354 Nam
790 3292 817 3354 si
842 3313 913 3354 eam
936 3291 969 3354 in
992 3292 1054 3354 983
1078 3289 1173 3352 Pauli
1196 3289 1355 3368 versibus,

220 3393 502 3476 penthemimeren
541 3413 619 3459 vero
659 3396 692 3458 10
729 3399 788 3458 154
824 3395 1024 3473 invenimus,
1065 3399 1192 3458 sextam
1228 3399 1355 3478 partem

219 3517 373 3560 versuum
384 3499 596 3562 masculinam
607 3519 776 3563 caesuram
790 3499 945 3562 exhibere
956 3520 1007 3562 ars
1017 3498 1221 3561 arithmetica
1230 3497 1354 3562 edocet.

219 3597 368 3664 Eandem
382 3606 490 3664 autem
504 3601 618 3665 harum
636 3623 844 3666 caesurarum
861 3603 1023 3666 rationem
1034 3601 1193 3666 Tiedkius
1212 3599 1354 3685 (quaest.

219 3701 326 3767 Noun.
361 3724 450 3788 spec.
473 3703 490 3766 Ι
512 3727 543 3788 p.
561 3705 593 3789 2)
624 3705 711 3791 apud
741 3705 894 3769 Nonnum
922 3706 1079 3791 repperit.
1133 3705 1256 3770 Verum
1290 3725 1355 3768 000

222 3807 327 3870 solum
349 3827 485 3871 numero
503 3829 642 3873 caesura
663 3804 748 3874 κατὰ
770 3805 881 3895 τρίτον
901 3811 1053 3893 τροχαῖον
1073 3809 1354 3894 penthemimeren

221 3917 368 3996 superat,
402 3911 459 3974 sed
492 3913 591 3976 etiam
622 3933 675 3994 00,
704 3913 788 3998 quod
823 3915 896 3999 ipsa
923 3914 992 3978 sola
1019 3915 1052 3976 in
1075 3933 1172 3976 versu
1196 3912 1355 3976 dominari

220 4020 330 4100 potest
354 4015 454 4101 (apud
478 4015 617 4080 Paulum
640 4019 673 4080 in
697 4021 737 4082 96
761 4017 841 4102 vu),
866 4040 939 4081 cum
962 4017 1237 4103 penthemimeres
1260 4037 1353 4080 num-

219 4139 316 4202 quam
340 4125 523 4184 ceterarum
540 4120 758 4205 frequentium
775 4141 985 4185 caesurarum
1002 4119 1190 4184 adiumento
1209 4121 1354 4206 indigere

217 4225 337 4309 possit,
362 4223 419 4288 sed
444 4245 573 4310 semper
596 4231 653 4287 001
677 4246 749 4288 cum
774 4225 1042 4310 semiseptenaria
1066 4223 1354 4310 (hepthemimere)

218 4335 274 4392 aut
299 4349 371 4392 eum
393 4328 540 4392 bucolica
564 4329 737 4392 coniuncta
761 4331 812 4410 sit,
836 4330 855 4391 i.
874 4350 900 4392 e.
926 4351 998 4392 cum
1020 4328 1153 4392 alterius
1171 4327 1354 4394 hexametri
