3252 4954
716 307 924 368 ..35-

254 473 427 538 ecclesiam
451 497 716 561 unumquemque
740 475 780 540 ad
805 477 986 542 canendum
1009 478 1146 544 incitare
1171 479 1264 560 dicit,
1297 482 1389 566 quasi
1429 550 1431 552 ,

253 578 385 642 ineunte
409 601 486 644 vere
511 601 626 644 omnes
650 580 731 644 rami
754 582 862 644 avium
886 589 982 646 cantu
1006 583 1142 668 pulchro
1166 591 1329 648 resonent.
1347 621 1389 632 —

253 685 487 746 a.195-199:
520 672 693 768 Oopiosius
721 685 817 748 ambo
841 685 966 749 insulae
990 686 1165 768 fecundae,
1190 689 1288 753 immo
1311 711 1389 754 vero

253 787 466 868 paeninsulae
490 787 688 869 (roo-210)
712 789 924 874 componitur.
949 827 984 836 -
1014 811 1043 853 a.
1061 793 1251 854 254-261:
1276 792 1390 856 Veluti

253 889 439 974 duplicatur
468 891 550 954 nitor
579 913 763 976 purpureae
793 883 911 972 vestis,
943 893 971 956 si
995 888 1162 964 extremae
1188 896 1256 959 eius
1280 902 1390 980 partes

253 994 361 1056 aureis
388 993 451 1056 filis
479 1000 651 1076 ornantur,
685 995 731 1058 ita
768 995 946 1080 lapidarius
976 997 1147 1060 marmoris
1182 1000 1389 1084 splendorem

253 1096 527 1181 metalli'fulgore
551 1118 751 1183 magnopere
775 1099 876 1161 auxit.
901 1103 962 1164 etc.
980 1105 1040 1162 etc.

341 1199 407 1262 Sed
435 1200 500 1262 ianr
531 1201 609 1263 satis
640 1200 680 1264 de
705 1201 864 1265 similibus
889 1223 908 1265 a
929 1201 1032 1265 Paulo
1056 1202 1228 1286 adhibitis,
1252 1226 1388 1290 quorum

253 1301 409 1365 nonnulla
424 1325 487 1366 non
505 1304 606 1367 semel
622 1309 814 1390 repetuntur
830 1325 850 1366 a
865 1310 971 1389 poeta,
990 1305 1047 1368 sed
1070 1307 1201 1391 saepius
1225 1308 1278 1372 vel
1303 1309 1389 1390 solis,

253 1405 362 1487 lunae,
387 1407 554 1470 stellarum
577 1407 717 1470 nitorem
741 1407 796 1470 ille
821 1407 935 1488 adfert,
959 1413 995 1470 ut
1018 1409 1198 1496 marmoris,
1221 1410 1389 1492 luminum,

254 1509 390 1573 aliarum
428 1531 536 1575 rerum
580 1510 752 1575 candorem
795 1510 936 1574 dilucide
969 1511 1148 1592 describat,
1184 1513 1237 1576 vel
1266 1513 1389 1577 tholum

255 1634 327 1676 cum
353 1615 442 1678 caelo
467 1621 633 1700 comparat
668 1615 721 1697 (cf.
746 1614 868 1678 11255.
886 1617 959 1680 393.
983 1636 1011 1678 a.
1031 1618 1100 1682 132.
1121 1620 1191 1680 161.
1210 1654 1247 1663 -
1266 1617 1300 1679 ΙΙ
1317 1621 1390 1681 416.

255 1753 293 1762 -
318 1716 488 1782 117480.
508 1716 595 1804 114).

340 1821 504 1906 Exempla
520 1843 567 1886 ex
584 1821 833 1906 antiquorum
849 1821 995 1884 fabulis
1009 1820 1157 1886 derivata
1172 1821 1235 1886 duo
1251 1824 1390 1909 repperi.

255 1921 386 1986 11433:
410 1924 584 1990 Lumiuum
612 1931 762 2005 catenae,
794 1945 877 2008 quae
902 1925 942 1988 ab
966 1924 1030 1986 imo
1053 1925 1086 1987 iu
1114 1925 1259 1991 diversas
1284 1933 1393 2013 partes

256 2025 444 2107 discedunt,
470 2049 543 2090 oum
566 2026 694 2112 Hyadis
719 2027 871 2090 cornibus
896 2027 1130 2092 conferuntur·
1162 2029 1280 2093 Nonuo
1306 2031 1392 2094 enim

254 2137 339 2194 teste
356 2130 503 2216 Hyades,
528 2153 610 2214 quae
626 2130 794 2194 Bacchum
815 2131 975 2208 aluerant,
999 2132 1159 2196 alunone
1183 2134 1215 2197 in
1237 2135 1341 2198 boves
1359 2139 1392 2197 et

257 2254 358 2316 equos
376 2239 520 2298 mutatae
535 2240 620 2300 sunt.
632 2273 665 2280 -
685 2235 701 2298 Ι
717 2237 789 2297 171:
806 2234 987 2298 Homerum
999 2235 1144 2300 imitatus
1158 2237 1256 2300 etiam
1270 2237 1393 2300 Paulus

260 2337 377 2401 Ossam
400 2345 433 2402 et
455 2339 580 2403 Pelium
604 2339 637 2402 in
654 2337 828 2423 Olympum
846 2340 1026 2402 cumulatos
1051 2361 1125 2404 esse
1150 2347 1392 2406 commemorat.

342 2441 406 2505 Sed
436 2443 508 2506 aliis
538 2463 666 2527 quoque
690 2443 888 2506 ornamentis
912 2443 1036 2506 Paulus
1060 2445 1280 2509 narrationem
1304 2466 1322 2506 a
1345 2446 1392 2508 ie-

253 2545 389 2610 iunitate
419 2567 573 2610 revocare
606 2545 745 2625 studuit,
779 2567 862 2630 quae
887 2547 1003 2632 petivit
1026 2567 1068 2610 ex
1093 2553 1163 2611 arte
1186 2549 1394 2612 rhetoricas
1450 2596 1452 2601 .

255 2649 472 2712 recentiorum
507 2655 688 2735 temporum
722 2649 828 2734 poetis
862 2670 1069 2736 summopere
1097 2653 1238 2717 exculta.
1291 2651 1393 2714 Prae-

255 2751 347 2836 cipue
371 2753 464 2816 initia
487 2758 520 2816 et
536 2753 631 2838 primi
654 2753 729 2817 libri
753 2758 786 2816 et
802 2752 960 2832 ambonis,
985 2754 1024 2817 de
1048 2754 1166 2838 quibus
1191 2754 1392 2839 supradixi,

254 2875 405 2938 magnam
434 2855 592 2919 exhibent
615 2856 679 2918 vim
703 2855 899 2918 rhetoricam
927 2877 1035 2940 neque
1058 2857 1282 2936 invenustam,
1314 2878 1392 2920 ean-

255 2955 394 3041 demque
419 2959 632 3021 observamus
655 2958 688 3020 in
711 2957 829 3021 finibus
848 2959 1047 3042 singulorum
1065 2959 1231 3038 librorum,
1256 2981 1394 3044 quorum

254 3061 388 3144 primus,
413 3061 441 3124 si
461 3061 691 3146 comprobatur
707 3067 819 3126 nostra
836 3061 1034 3141 coniectura,
1059 3061 1219 3125 clauditur
1242 3063 1393 3127 sacerdo-

256 3165 340 3228 tibus
373 3165 452 3228 satis
482 3165 644 3228 rhetorice
673 3163 715 3228 ad
742 3164 833 3228 aedis
856 3170 968 3250 portas
999 3165 1194 3250 aperiendas
1225 3168 1393 3242 excitatis;

255 3269 340 3332 alter
361 3289 438 3332 vero
453 3268 560 3352 longis
576 3268 820 3332 laudationibus
844 3275 878 3333 et
898 3268 1104 3354 imperatoris
1128 3275 1161 3334 et
1176 3270 1392 3355 patriarchae,

255 3372 404 3436 ambonis
428 3371 605 3457 descriptio
630 3378 663 3435 et
685 3373 758 3456 ipsa
773 3371 950 3436 Iustiniani
966 3371 1210 3456 praedicatione
1227 3374 1392 3440 finiuntur.

255 3475 380 3540 Eadem
405 3477 529 3541 ratione
552 3477 624 3562 ipsa
641 3477 785 3540 narratio
808 3497 871 3540 non
889 3476 991 3540 semel
1007 3476 1114 3540 subito
1131 3477 1394 3562 interrumpitur;

256 3581 388 3664 saepius
413 3581 499 3643 enim
522 3585 622 3664 poeta
646 3579 896 3643 exclamationis
920 3579 1127 3644 formonsus
1151 3580 1191 3644 ad
1215 3582 1313 3644 aliam
1336 3581 1393 3644 de-

256 3683 439 3768 scriptionis
464 3689 590 3768 partem
614 3683 866 3767 transgreditur3
891 3684 972 3746 siout
993 3684 1180 3748 calamitate
1204 3684 1295 3748 aedis
1319 3705 1394 3748 nar-

256 3793 329 3850 rata
352 3786 398 3850 ita
422 3785 463 3848 ad
486 3787 701 3851 describenda
724 3788 883 3858 encaenia
906 3789 1022 3851 transit
1046 3787 1187 3874 (1¹⁷7l2

414 3879 497 3951 ἀλλὰ
519 3883 553 3952 τί
576 3882 707 3974 dadsisas
730 3883 931 3976 λαθικήδεος
952 3879 1041 3976 ἦμαρ
1064 3885 1178 3977 ἑορτῆς
1288 3955 1290 3958 ,

414 3983 575 4078 ripaticos,-
597 3985 631 4054 τί
653 3989 689 4055 δὲ
709 3991 820 4075 μῦθον
841 3987 1014 4074 ἓλίσσομεν
1036 3987 1152 4057 ἔκτοθι
1175 3993 1253 4078 νηοῦ
1259 4021 1268 4073 ‚-

413 4087 507 4177 ἴομεν
530 4091 563 4158 ἐν
584 4091 760 4178 τεμένεσσι,
784 4091 866 4160 θεὸν
889 4093 917 4159 d’
941 4087 1106 4183 dpvrp'oocc
1127 4090 1260 4179 μύσται.

346 4199 403 4262 Bis
431 4199 554 4263 Paulus
589 4201 689 4264 verba
718 4201 767 4287 πῇ
802 4198 945 4288 φέρομαι
978 4201 1138 4281 adhibuit,
1179 4202 1281 4266 altero
1322 4203 1395 4265 loco

257 4302 305 4386 (ΙΙ
322 4305 362 4367 28
380 4301 480 4388 sqq.),
507 4309 544 4366 ut
567 4303 820 4389 descriptionem
844 4304 883 4368 ab
907 4305 997 4368 aedis
1021 4305 1166 4391 partibus
1191 4305 1339 4369 orientali
1364 4311 1397 4369 et

257 4406 451 4470 occidentali
477 4406 666 4470 deflecteret
690 4406 731 4469 ad
754 4407 896 4470 medium
920 4409 1094 4493 templum:

1203 4509 1239 4562 3*
