<?xml version="1.0" encoding="UTF-8"?>
<!DOCTYPE html PUBLIC "-//W3C//DTD XHTML 1.0 Transitional//EN"
    "http://www.w3.org/TR/xhtml1/DTD/xhtml1-transitional.dtd">
<html xmlns="http://www.w3.org/1999/xhtml" xml:lang="en" lang="en">
 <head>
  <title>
</title>
<meta http-equiv="Content-Type" content="text/html;charset=utf-8" />
  <meta name='ocr-system' content='tesseract 3.04.00' />
  <meta name='ocr-capabilities' content='ocr_page ocr_carea ocr_par ocr_line ocrx_word'/>
</head>
<body>
  <div class='ocr_page' id='page_1' title='image "./depaulosilentar00merigoog_0051.png"; bbox 0 0 3252 4954; ppageno 0'>
   <div class='ocr_carea' id='block_1_1' title="bbox 703 276 918 338">
    <p class='ocr_par' dir='ltr' id='par_1_1' title="bbox 703 276 918 338">
     <span class='ocr_line' id='line_1_1' title="bbox 703 276 918 338; baseline 0.005 -18"><span class='ocrx_word' id='word_1_1' title='bbox 703 276 918 338; x_wconf 64' lang='lat'>..38-</span> 
     </span>
    </p>
   </div>
   <div class='ocr_carea' id='block_1_2' title="bbox 226 444 1390 4184">
    <p class='ocr_par' dir='ltr' id='par_1_2' title="bbox 226 444 1383 1253">
     <span class='ocr_line' id='line_1_2' title="bbox 245 444 1379 510; baseline 0.001 -1"><span class='ocrx_word' id='word_1_2' title='bbox 245 451 282 509; x_wconf 94' lang='lat' dir='ltr'>ut</span> <span class='ocrx_word' id='word_1_3' title='bbox 304 450 407 508; x_wconf 87' lang='lat' dir='ltr'>totum</span> <span class='ocrx_word' id='word_1_4' title='bbox 431 447 561 509; x_wconf 92' lang='lat' dir='ltr'>omnino</span> <span class='ocrx_word' id='word_1_5' title='bbox 590 465 689 508; x_wconf 89' lang='lat' dir='ltr'>sensu</span> <span class='ocrx_word' id='word_1_6' title='bbox 713 451 899 509; x_wconf 89' lang='lat' dir='ltr'>careret-</span> <span class='ocrx_word' id='word_1_7' title='bbox 926 444 1074 510; x_wconf 82' lang='lat' dir='ltr'>conferas</span> <span class='ocrx_word' id='word_1_8' title='bbox 1104 445 1257 508; x_wconf 84' lang='lat' dir='ltr'><strong>eximiam</strong></span> <span class='ocrx_word' id='word_1_9' title='bbox 1286 445 1379 510; x_wconf 80' lang='lat' dir='ltr'>Gott-</span> 
     </span>
     <span class='ocr_line' id='line_1_3' title="bbox 245 549 1380 634; baseline 0 -22"><span class='ocrx_word' id='word_1_10' title='bbox 245 549 333 612; x_wconf 93' lang='lat' dir='ltr'>holdi</span> <span class='ocrx_word' id='word_1_11' title='bbox 363 549 527 633; x_wconf 89' lang='lat' dir='ltr'>Lessingii</span> <span class='ocrx_word' id='word_1_12' title='bbox 556 549 891 630; x_wconf 88' lang='lat' dir='ltr'>dissertatiunculam,</span> <span class='ocrx_word' id='word_1_13' title='bbox 931 570 1028 634; x_wconf 89' lang='lat' dir='ltr'>quam</span> <span class='ocrx_word' id='word_1_14' title='bbox 1058 550 1128 612; x_wconf 92' lang='lat' dir='ltr'>sine</span> <span class='ocrx_word' id='word_1_15' title='bbox 1144 549 1301 612; x_wconf 78' lang='lat' dir='ltr'>¹maxima</span> <span class='ocrx_word' id='word_1_16' title='bbox 1331 552 1380 612; x_wconf 92' lang='lat' dir='ltr'>iu-</span> 
     </span>
     <span class='ocr_line' id='line_1_4' title="bbox 226 652 1381 738; baseline 0 -22"><span class='ocrx_word' id='word_1_17' title='bbox 226 653 415 716; x_wconf 83' lang='lat' dir='ltr'>cunditate</span> <span class='ocrx_word' id='word_1_18' title='bbox 457 653 523 736; x_wconf 86' lang='lat' dir='ltr'>legi</span> <span class='ocrx_word' id='word_1_19' title='bbox 563 672 629 715; x_wconf 92' lang='lat' dir='ltr'>non</span> <span class='ocrx_word' id='word_1_20' title='bbox 662 673 760 738; x_wconf 92' lang='lat' dir='ltr'>posse</span> <span class='ocrx_word' id='word_1_21' title='bbox 801 652 1004 735; x_wconf 82' lang='lat' dir='ltr'>sagacissimi</span> <span class='ocrx_word' id='word_1_22' title='bbox 1038 652 1098 715; x_wconf 90' lang='lat' dir='ltr'>viri</span> <span class='ocrx_word' id='word_1_23' title='bbox 1138 673 1257 716; x_wconf 89' lang='lat' dir='ltr'>nornen</span> <span class='ocrx_word' id='word_1_24' title='bbox 1302 653 1381 716; x_wconf 89' lang='lat' dir='ltr'>satis</span> 
     </span>
     <span class='ocr_line' id='line_1_5' title="bbox 246 754 1380 840; baseline 0.003 -22"><span class='ocrx_word' id='word_1_25' title='bbox 246 760 396 820; x_wconf 86' lang='lat' dir='ltr'>testatur.</span> <span class='ocrx_word' id='word_1_26' title='bbox 442 754 508 818; x_wconf 80' lang='lat' dir='ltr'>Sed</span> <span class='ocrx_word' id='word_1_27' title='bbox 530 755 628 818; x_wconf 85' lang='lat' dir='ltr'>etiam</span> <span class='ocrx_word' id='word_1_28' title='bbox 653 755 761 839; x_wconf 90' lang='lat' dir='ltr'>ipsum</span> <span class='ocrx_word' id='word_1_29' title='bbox 786 775 917 818; x_wconf 87' lang='lat' dir='ltr'>carmen</span> <span class='ocrx_word' id='word_1_30' title='bbox 938 754 1071 818; x_wconf 83' lang='lat' dir='ltr'>scholiis</span> <span class='ocrx_word' id='word_1_31' title='bbox 1093 755 1243 840; x_wconf 88' lang='lat' dir='ltr'>notisque</span> <span class='ocrx_word' id='word_1_32' title='bbox 1260 758 1380 820; x_wconf 90' lang='lat' dir='ltr'>criticis</span> 
     </span>
     <span class='ocr_line' id='line_1_6' title="bbox 248 855 1381 944; baseline 0.003 -24"><span class='ocrx_word' id='word_1_33' title='bbox 248 862 380 920; x_wconf 90' lang='lat' dir='ltr'>auctum</span> <span class='ocrx_word' id='word_1_34' title='bbox 416 856 518 920; x_wconf 81' lang='lat' dir='ltr'>edidit</span> <span class='ocrx_word' id='word_1_35' title='bbox 552 855 746 939; x_wconf 90' lang='lat' dir='ltr'>Lessingius</span> <span class='ocrx_word' id='word_1_36' title='bbox 784 863 817 920; x_wconf 90' lang='lat' dir='ltr'>et</span> <span class='ocrx_word' id='word_1_37' title='bbox 850 857 883 920; x_wconf 92' lang='lat' dir='ltr'>in</span> <span class='ocrx_word' id='word_1_38' title='bbox 917 858 981 922; x_wconf 91' lang='lat' dir='ltr'>fine</span> <span class='ocrx_word' id='word_1_39' title='bbox 1010 857 1264 940; x_wconf 85' lang='lat' dir='ltr'>dissertationis,</span> <span class='ocrx_word' id='word_1_40' title='bbox 1299 881 1381 944; x_wconf 86' lang='lat' dir='ltr'>quae</span> 
     </span>
     <span class='ocr_line' id='line_1_7' title="bbox 251 961 1383 1047; baseline 0 -21"><span class='ocrx_word' id='word_1_41' title='bbox 251 963 387 1026; x_wconf 88' lang='lat' dir='ltr'>sentiret</span> <span class='ocrx_word' id='word_1_42' title='bbox 416 961 456 1025; x_wconf 92' lang='lat' dir='ltr'>de</span> <span class='ocrx_word' id='word_1_43' title='bbox 486 967 632 1042; x_wconf 89' lang='lat' dir='ltr'>auctore,</span> <span class='ocrx_word' id='word_1_44' title='bbox 663 961 800 1047; x_wconf 89' lang='lat' dir='ltr'>protulit</span> <span class='ocrx_word' id='word_1_45' title='bbox 811 963 846 1044; x_wconf 81' lang='lat'>¹).</span> <span class='ocrx_word' id='word_1_46' title='bbox 900 961 971 1026; x_wconf 89' lang='lat' dir='ltr'>Nec</span> <span class='ocrx_word' id='word_1_47' title='bbox 998 983 1062 1024; x_wconf 91' lang='lat' dir='ltr'>non</span> <span class='ocrx_word' id='word_1_48' title='bbox 1091 962 1319 1026; x_wconf 86' lang='lat' dir='ltr'>desiderantur</span> <span class='ocrx_word' id='word_1_49' title='bbox 1349 965 1383 1027; x_wconf 94' lang='lat' dir='ltr'>hi</span> 
     </span>
     <span class='ocr_line' id='line_1_8' title="bbox 250 1063 1382 1152; baseline 0.003 -24"><span class='ocrx_word' id='word_1_50' title='bbox 250 1065 352 1128; x_wconf 87' lang='lat' dir='ltr'>iambi</span> <span class='ocrx_word' id='word_1_51' title='bbox 378 1065 411 1128; x_wconf 94' lang='lat' dir='ltr'>in</span> <span class='ocrx_word' id='word_1_52' title='bbox 434 1064 590 1128; x_wconf 86' lang='lat' dir='ltr'>Brunckii</span> <span class='ocrx_word' id='word_1_53' title='bbox 620 1063 763 1128; x_wconf 88' lang='lat' dir='ltr'>editione</span> <span class='ocrx_word' id='word_1_54' title='bbox 786 1065 995 1150; x_wconf 89' lang='lat' dir='ltr'>anthologiae</span> <span class='ocrx_word' id='word_1_55' title='bbox 1018 1065 1164 1152; x_wconf 84' lang='lat' dir='ltr'>(Lipsiae</span> <span class='ocrx_word' id='word_1_56' title='bbox 1191 1069 1282 1131; x_wconf 79' lang='lat'>1794.</span> <span class='ocrx_word' id='word_1_57' title='bbox 1306 1071 1382 1131; x_wconf 89' lang='lat' dir='ltr'>tom.</span> 
     </span>
     <span class='ocr_line' id='line_1_9' title="bbox 245 1167 520 1253; baseline 0.007 -23"><span class='ocrx_word' id='word_1_58' title='bbox 245 1167 294 1232; x_wconf 88' lang='lat' dir='ltr'>IV</span> <span class='ocrx_word' id='word_1_59' title='bbox 317 1189 349 1253; x_wconf 89' lang='lat' dir='ltr'>p.</span> <span class='ocrx_word' id='word_1_60' title='bbox 366 1171 407 1232; x_wconf 87' lang='grc'>64</span> <span class='ocrx_word' id='word_1_61' title='bbox 424 1167 520 1252; x_wconf 87' lang='lat' dir='ltr'>sqq).</span> 
     </span>
    </p>

    <p class='ocr_par' dir='ltr' id='par_1_3' title="bbox 247 1269 1388 3112">
     <span class='ocr_line' id='line_1_10' title="bbox 334 1269 1384 1374; baseline 0.002 -22"><span class='ocrx_word' id='word_1_62' title='bbox 334 1289 456 1352; x_wconf 89' lang='lat' dir='ltr'>Narrat</span> <span class='ocrx_word' id='word_1_63' title='bbox 486 1288 548 1352; x_wconf 95' lang='lat' dir='ltr'>hoc</span> <span class='ocrx_word' id='word_1_64' title='bbox 576 1289 610 1350; x_wconf 91' lang='lat' dir='ltr'>in</span> <span class='ocrx_word' id='word_1_65' title='bbox 632 1288 776 1352; x_wconf 90' lang='lat' dir='ltr'>carmine</span> <span class='ocrx_word' id='word_1_66' title='bbox 799 1294 897 1373; x_wconf 89' lang='lat' dir='ltr'>poeta</span> <span class='ocrx_word' id='word_1_67' title='bbox 919 1310 1084 1374; x_wconf 89' lang='lat' dir='ltr'>perpauca</span> <span class='ocrx_word' id='word_1_68' title='bbox 1106 1288 1147 1354; x_wconf 92' lang='lat' dir='ltr'>de</span> <span class='ocrx_word' id='word_1_69' title='bbox 1170 1269 1297 1354; x_wconf 89' lang='lat' dir='ltr'>balneis</span> <span class='ocrx_word' id='word_1_70' title='bbox 1320 1290 1384 1354; x_wconf 87' lang='lat' dir='ltr'>illis</span> 
     </span>
     <span class='ocr_line' id='line_1_11' title="bbox 247 1391 1384 1478; baseline 0 -22"><span class='ocrx_word' id='word_1_71' title='bbox 247 1393 425 1478; x_wconf 88' lang='lat' dir='ltr'>Bithyniae</span> <span class='ocrx_word' id='word_1_72' title='bbox 450 1430 492 1440; x_wconf 96' lang='lat'>—</span> <span class='ocrx_word' id='word_1_73' title='bbox 522 1413 597 1455; x_wconf 88' lang='lat' dir='ltr'>narn</span> <span class='ocrx_word' id='word_1_74' title='bbox 627 1392 688 1455; x_wconf 92' lang='lat' dir='ltr'>hac</span> <span class='ocrx_word' id='word_1_75' title='bbox 718 1392 752 1454; x_wconf 93' lang='lat' dir='ltr'>iu</span> <span class='ocrx_word' id='word_1_76' title='bbox 782 1391 882 1456; x_wconf 88' lang='lat' dir='ltr'>Asiae</span> <span class='ocrx_word' id='word_1_77' title='bbox 911 1393 1044 1477; x_wconf 87' lang='lat' dir='ltr'>regione</span> <span class='ocrx_word' id='word_1_78' title='bbox 1073 1393 1221 1458; x_wconf 89' lang='lat' dir='ltr'>thermae</span> <span class='ocrx_word' id='word_1_79' title='bbox 1245 1393 1384 1478; x_wconf 84' lang='lat' dir='ltr'>Pythiae</span> 
     </span>
     <span class='ocr_line' id='line_1_12' title="bbox 248 1493 1383 1580; baseline -0.001 -19"><span class='ocrx_word' id='word_1_80' title='bbox 248 1497 330 1561; x_wconf 89' lang='lat' dir='ltr'>sitae</span> <span class='ocrx_word' id='word_1_81' title='bbox 355 1501 448 1560; x_wconf 91' lang='lat' dir='ltr'>erant</span> <span class='ocrx_word' id='word_1_82' title='bbox 471 1532 512 1542; x_wconf 92' lang='lat'>-</span> <span class='ocrx_word' id='word_1_83' title='bbox 540 1495 704 1580; x_wconf 90' lang='lat' dir='ltr'>permulta</span> <span class='ocrx_word' id='word_1_84' title='bbox 733 1513 810 1558; x_wconf 90' lang='lat' dir='ltr'>vero</span> <span class='ocrx_word' id='word_1_85' title='bbox 838 1493 934 1558; x_wconf 92' lang='lat' dir='ltr'>etde</span> <span class='ocrx_word' id='word_1_86' title='bbox 958 1495 1235 1559; x_wconf 83' lang='lat' dir='ltr'>naturafontium</span> <span class='ocrx_word' id='word_1_87' title='bbox 1261 1497 1383 1561; x_wconf 91' lang='lat' dir='ltr'>calido-</span> 
     </span>
     <span class='ocr_line' id='line_1_13' title="bbox 249 1596 1383 1665; baseline 0.001 -2"><span class='ocrx_word' id='word_1_88' title='bbox 249 1621 321 1663; x_wconf 91' lang='lat' dir='ltr'>rum</span> <span class='ocrx_word' id='word_1_89' title='bbox 345 1598 441 1664; x_wconf 90' lang='lat' dir='ltr'>etde</span> <span class='ocrx_word' id='word_1_90' title='bbox 465 1596 632 1661; x_wconf 89' lang='lat' dir='ltr'>montibus</span> <span class='ocrx_word' id='word_1_91' title='bbox 654 1597 801 1660; x_wconf 88' lang='lat' dir='ltr'>flammas</span> <span class='ocrx_word' id='word_1_92' title='bbox 821 1597 1044 1662; x_wconf 85' lang='lat' dir='ltr'>eructantibus</span> <span class='ocrx_word' id='word_1_93' title='bbox 1069 1603 1102 1662; x_wconf 92' lang='lat' dir='ltr'>et</span> <span class='ocrx_word' id='word_1_94' title='bbox 1125 1599 1166 1663; x_wconf 93' lang='lat' dir='ltr'>de</span> <span class='ocrx_word' id='word_1_95' title='bbox 1190 1600 1262 1663; x_wconf 91' lang='lat' dir='ltr'>aliis</span> <span class='ocrx_word' id='word_1_96' title='bbox 1286 1601 1383 1665; x_wconf 91' lang='lat' dir='ltr'>mira-</span> 
     </span>
     <span class='ocr_line' id='line_1_14' title="bbox 250 1699 1384 1785; baseline 0 -18"><span class='ocrx_word' id='word_1_97' title='bbox 250 1704 367 1767; x_wconf 90' lang='lat' dir='ltr'>culosis</span> <span class='ocrx_word' id='word_1_98' title='bbox 405 1701 549 1766; x_wconf 87' lang='lat' dir='ltr'>fontibus</span> <span class='ocrx_word' id='word_1_99' title='bbox 587 1699 784 1784; x_wconf 87' lang='lat' dir='ltr'>ignibusque</span> <span class='ocrx_word' id='word_1_100' title='bbox 824 1705 856 1764; x_wconf 93' lang='lat' dir='ltr'>et</span> <span class='ocrx_word' id='word_1_101' title='bbox 891 1700 931 1764; x_wconf 94' lang='lat' dir='ltr'>de</span> <span class='ocrx_word' id='word_1_102' title='bbox 971 1701 1172 1785; x_wconf 86' lang='lat' dir='ltr'>quibuslibet</span> <span class='ocrx_word' id='word_1_103' title='bbox 1208 1704 1384 1784; x_wconf 88' lang='lat' dir='ltr'>miraculis,</span> 
     </span>
     <span class='ocr_line' id='line_1_15' title="bbox 250 1803 1384 1893; baseline 0.001 -23"><span class='ocrx_word' id='word_1_104' title='bbox 250 1826 333 1893; x_wconf 89' lang='lat' dir='ltr'>quae</span> <span class='ocrx_word' id='word_1_105' title='bbox 361 1805 428 1869; x_wconf 88' lang='lat' dir='ltr'>fere</span> <span class='ocrx_word' id='word_1_106' title='bbox 458 1803 566 1868; x_wconf 91' lang='lat' dir='ltr'>omnia</span> <span class='ocrx_word' id='word_1_107' title='bbox 595 1803 712 1866; x_wconf 90' lang='lat' dir='ltr'>hausta</span> <span class='ocrx_word' id='word_1_108' title='bbox 747 1823 820 1866; x_wconf 87' lang='lat' dir='ltr'>esse</span> <span class='ocrx_word' id='word_1_109' title='bbox 850 1825 893 1867; x_wconf 84' lang='lat' dir='ltr'>ex</span> <span class='ocrx_word' id='word_1_110' title='bbox 924 1804 1274 1870; x_wconf 90' lang='lat' dir='ltr'>Pseudo-Aristotelis</span> <span class='ocrx_word' id='word_1_111' title='bbox 1304 1806 1384 1871; x_wconf 89' lang='lat' dir='ltr'>libro</span> 
     </span>
     <span class='ocr_line' id='line_1_16' title="bbox 248 1897 1384 1994; baseline -0.002 -19"><span class='ocrx_word' id='word_1_112' title='bbox 248 1906 327 1994; x_wconf 77' lang='grc' dir='ltr'><em>περὶ</em></span> <span class='ocrx_word' id='word_1_113' title='bbox 356 1901 557 1990; x_wconf 74' lang='grc' dir='ltr'><em>θαυμασίων</em></span> <span class='ocrx_word' id='word_1_114' title='bbox 588 1897 805 1989; x_wconf 75' lang='grc' dir='ltr'><em>ἀκουσμάτων</em></span> <span class='ocrx_word' id='word_1_115' title='bbox 843 1908 999 1993; x_wconf 89' lang='lat' dir='ltr'>inscripto</span> <span class='ocrx_word' id='word_1_116' title='bbox 1042 1908 1215 1993; x_wconf 89' lang='lat' dir='ltr'>diligenter</span> <span class='ocrx_word' id='word_1_117' title='bbox 1252 1909 1384 1974; x_wconf 91' lang='lat' dir='ltr'>demon-</span> 
     </span>
     <span class='ocr_line' id='line_1_17' title="bbox 251 2009 1385 2097; baseline 0.001 -21"><span class='ocrx_word' id='word_1_118' title='bbox 251 2012 365 2076; x_wconf 88' lang='lat' dir='ltr'>stravit</span> <span class='ocrx_word' id='word_1_119' title='bbox 387 2011 442 2076; x_wconf 81' lang='lat' dir='ltr'>Fr.</span> <span class='ocrx_word' id='word_1_120' title='bbox 457 2009 626 2074; x_wconf 88' lang='lat' dir='ltr'>Iacobsius</span> <span class='ocrx_word' id='word_1_121' title='bbox 651 2011 684 2073; x_wconf 90' lang='lat' dir='ltr'>iu</span> <span class='ocrx_word' id='word_1_122' title='bbox 701 2009 964 2075; x_wconf 90' lang='lat' dir='ltr'>adnotationibus</span> <span class='ocrx_word' id='word_1_123' title='bbox 982 2010 1128 2097; x_wconf 86' lang='lat' dir='ltr'>(Anthol.</span> <span class='ocrx_word' id='word_1_124' title='bbox 1145 2012 1289 2076; x_wconf 89' lang='lat' dir='ltr'>Brunok.</span> <span class='ocrx_word' id='word_1_125' title='bbox 1308 2021 1385 2078; x_wconf 89' lang='lat' dir='ltr'>torn.</span> 
     </span>
     <span class='ocr_line' id='line_1_18' title="bbox 249 2111 1387 2201; baseline 0.001 -22"><span class='ocrx_word' id='word_1_126' title='bbox 249 2115 299 2179; x_wconf 92' lang='lat' dir='ltr'>XI</span> <span class='ocrx_word' id='word_1_127' title='bbox 325 2138 358 2201; x_wconf 91' lang='lat' dir='ltr'>p.</span> <span class='ocrx_word' id='word_1_128' title='bbox 381 2117 441 2176; x_wconf 83' lang='lat'>175</span> <span class='ocrx_word' id='word_1_129' title='bbox 460 2112 557 2198; x_wconf 81' lang='lat' dir='ltr'>sqq).</span> <span class='ocrx_word' id='word_1_130' title='bbox 606 2111 679 2176; x_wconf 90' lang='lat' dir='ltr'>Hoc</span> <span class='ocrx_word' id='word_1_131' title='bbox 713 2135 845 2178; x_wconf 91' lang='lat' dir='ltr'>carmen</span> <span class='ocrx_word' id='word_1_132' title='bbox 872 2114 968 2178; x_wconf 91' lang='lat' dir='ltr'>Pauli</span> <span class='ocrx_word' id='word_1_133' title='bbox 1003 2115 1173 2180; x_wconf 90' lang='lat' dir='ltr'>cuiusdam</span> <span class='ocrx_word' id='word_1_134' title='bbox 1209 2115 1387 2180; x_wconf 86' lang='lat' dir='ltr'>Silentiarii</span> 
     </span>
     <span class='ocr_line' id='line_1_19' title="bbox 251 2217 1386 2302; baseline 0.001 -19"><span class='ocrx_word' id='word_1_135' title='bbox 251 2240 325 2283; x_wconf 90' lang='lat' dir='ltr'>esse</span> <span class='ocrx_word' id='word_1_136' title='bbox 349 2239 462 2282; x_wconf 90' lang='lat' dir='ltr'>omnes</span> <span class='ocrx_word' id='word_1_137' title='bbox 487 2222 651 2281; x_wconf 89' lang='lat' dir='ltr'>testantur</span> <span class='ocrx_word' id='word_1_138' title='bbox 673 2217 813 2298; x_wconf 88' lang='lat' dir='ltr'>codices,</span> <span class='ocrx_word' id='word_1_139' title='bbox 837 2237 919 2302; x_wconf 92' lang='lat' dir='ltr'>quos</span> <span class='ocrx_word' id='word_1_140' title='bbox 935 2217 1106 2282; x_wconf 83' lang='lat' dir='ltr'>Fabricius</span> <span class='ocrx_word' id='word_1_141' title='bbox 1130 2220 1164 2282; x_wconf 90' lang='lat' dir='ltr'>in</span> <span class='ocrx_word' id='word_1_142' title='bbox 1186 2219 1386 2284; x_wconf 89' lang='lat' dir='ltr'>bibliotheca</span> 
     </span>
     <span class='ocr_line' id='line_1_20' title="bbox 250 2320 1386 2407; baseline 0.002 -21"><span class='ocrx_word' id='word_1_143' title='bbox 250 2343 370 2407; x_wconf 90' lang='lat' dir='ltr'>graeca</span> <span class='ocrx_word' id='word_1_144' title='bbox 383 2321 460 2405; x_wconf 87' lang='lat' dir='ltr'>(vol.</span> <span class='ocrx_word' id='word_1_145' title='bbox 471 2320 521 2384; x_wconf 91' lang='lat' dir='ltr'>IV</span> <span class='ocrx_word' id='word_1_146' title='bbox 532 2342 563 2405; x_wconf 91' lang='lat' dir='ltr'>p.</span> <span class='ocrx_word' id='word_1_147' title='bbox 581 2323 643 2385; x_wconf 85' lang='grc'>488</span> <span class='ocrx_word' id='word_1_148' title='bbox 659 2320 824 2406; x_wconf 87' lang='lat' dir='ltr'>Harless.)</span> <span class='ocrx_word' id='word_1_149' title='bbox 842 2328 1022 2386; x_wconf 91' lang='lat' dir='ltr'>enumerat.</span> <span class='ocrx_word' id='word_1_150' title='bbox 1057 2323 1120 2386; x_wconf 93' lang='lat' dir='ltr'>Hic</span> <span class='ocrx_word' id='word_1_151' title='bbox 1137 2329 1246 2387; x_wconf 90' lang='lat' dir='ltr'>autem</span> <span class='ocrx_word' id='word_1_152' title='bbox 1261 2323 1386 2388; x_wconf 91' lang='lat' dir='ltr'>Paulus</span> 
     </span>
     <span class='ocr_line' id='line_1_21' title="bbox 249 2425 1387 2512; baseline 0.002 -22"><span class='ocrx_word' id='word_1_153' title='bbox 249 2447 290 2490; x_wconf 84' lang='lat' dir='ltr'>ex</span> <span class='ocrx_word' id='word_1_154' title='bbox 312 2426 477 2510; x_wconf 89' lang='lat' dir='ltr'>Lessingii</span> <span class='ocrx_word' id='word_1_155' title='bbox 493 2425 657 2490; x_wconf 91' lang='lat' dir='ltr'>sententia</span> <span class='ocrx_word' id='word_1_156' title='bbox 687 2425 774 2489; x_wconf 89' lang='lat' dir='ltr'>idem</span> <span class='ocrx_word' id='word_1_157' title='bbox 798 2433 848 2489; x_wconf 91' lang='lat' dir='ltr'>est</span> <span class='ocrx_word' id='word_1_158' title='bbox 871 2447 909 2490; x_wconf 93' lang='lat' dir='ltr'>ac</span> <span class='ocrx_word' id='word_1_159' title='bbox 931 2433 1030 2512; x_wconf 92' lang='lat' dir='ltr'>poeta</span> <span class='ocrx_word' id='word_1_160' title='bbox 1046 2434 1160 2492; x_wconf 90' lang='lat' dir='ltr'>noster</span> <span class='ocrx_word' id='word_1_161' title='bbox 1175 2427 1387 2512; x_wconf 74' lang='lat' dir='ltr'>Byzantinus,</span> 
     </span>
     <span class='ocr_line' id='line_1_22' title="bbox 250 2529 1387 2614; baseline 0.002 -20"><span class='ocrx_word' id='word_1_162' title='bbox 250 2529 475 2614; x_wconf 87' lang='lat' dir='ltr'>descriptionis</span> <span class='ocrx_word' id='word_1_163' title='bbox 491 2529 827 2613; x_wconf 89' lang='lat' dir='ltr'>epigrammatumque</span> <span class='ocrx_word' id='word_1_164' title='bbox 840 2535 962 2610; x_wconf 90' lang='lat' dir='ltr'>auctor,</span> <span class='ocrx_word' id='word_1_165' title='bbox 972 2531 1118 2614; x_wconf 84' lang='lat' dir='ltr'>quamvis</span> <span class='ocrx_word' id='word_1_166' title='bbox 1131 2547 1231 2594; x_wconf 89' lang='lat' dir='ltr'>unum</span> <span class='ocrx_word' id='word_1_167' title='bbox 1242 2532 1387 2596; x_wconf 86' lang='lat' dir='ltr'>codicem</span> 
     </span>
     <span class='ocr_line' id='line_1_23' title="bbox 251 2630 1386 2718; baseline 0.004 -23"><span class='ocrx_word' id='word_1_168' title='bbox 251 2632 383 2714; x_wconf 88' lang='lat' dir='ltr'>(Medic.</span> <span class='ocrx_word' id='word_1_169' title='bbox 412 2633 493 2718; x_wconf 89' lang='lat' dir='ltr'>plut.</span> <span class='ocrx_word' id='word_1_170' title='bbox 524 2635 564 2694; x_wconf 88' lang='lat'>55</span> <span class='ocrx_word' id='word_1_171' title='bbox 593 2630 665 2697; x_wconf 88' lang='lat' dir='ltr'>cod.</span> <span class='ocrx_word' id='word_1_172' title='bbox 686 2631 768 2716; x_wconf 84' lang='lat' dir='ltr'>VII)</span> <span class='ocrx_word' id='word_1_173' title='bbox 804 2633 1002 2698; x_wconf 90' lang='lat' dir='ltr'>semiambos</span> <span class='ocrx_word' id='word_1_174' title='bbox 1035 2634 1110 2698; x_wconf 92' lang='lat' dir='ltr'>illos</span> <span class='ocrx_word' id='word_1_175' title='bbox 1142 2635 1247 2698; x_wconf 93' lang='lat' dir='ltr'>Paulo</span> <span class='ocrx_word' id='word_1_176' title='bbox 1284 2637 1386 2699; x_wconf 89' lang='lat' dir='ltr'>multo</span> 
     </span>
     <span class='ocr_line' id='line_1_24' title="bbox 251 2726 1386 2822; baseline 0.004 -22"><span class='ocrx_word' id='word_1_177' title='bbox 251 2726 368 2801; x_wconf 91' lang='lat' dir='ltr'>iuniori</span> <span class='ocrx_word' id='word_1_178' title='bbox 404 2737 549 2800; x_wconf 91' lang='lat' dir='ltr'>tribuere</span> <span class='ocrx_word' id='word_1_179' title='bbox 580 2736 642 2799; x_wconf 91' lang='lat' dir='ltr'>hac</span> <span class='ocrx_word' id='word_1_180' title='bbox 671 2738 948 2822; x_wconf 89' lang='lat' dir='ltr'>superscriptione</span> <span class='ocrx_word' id='word_1_181' title='bbox 979 2745 1124 2802; x_wconf 88' lang='lat' dir='ltr'>constet:</span> <span class='ocrx_word' id='word_1_182' title='bbox 1149 2743 1192 2804; x_wconf 92' lang='grc' dir='ltr'>Π.</span> <span class='ocrx_word' id='word_1_183' title='bbox 1216 2743 1250 2804; x_wconf 86' lang='grc' dir='ltr'>Σ.</span> <span class='ocrx_word' id='word_1_184' title='bbox 1275 2735 1323 2818; x_wconf 82' lang='grc' dir='ltr'>εἰς</span> <span class='ocrx_word' id='word_1_185' title='bbox 1344 2735 1386 2804; x_wconf 80' lang='lat' dir='ltr'>acl</span> 
     </span>
     <span class='ocr_line' id='line_1_25' title="bbox 253 2833 1388 2927; baseline 0.002 -23"><span class='ocrx_word' id='word_1_186' title='bbox 253 2837 287 2905; x_wconf 77' lang='grc' dir='ltr'>ἐν</span> <span class='ocrx_word' id='word_1_187' title='bbox 309 2834 460 2917; x_wconf 76' lang='grc' dir='ltr'>ΠυθίοιςΙ</span> <span class='ocrx_word' id='word_1_188' title='bbox 483 2833 609 2925; x_wconf 73' lang='grc' dir='ltr'><em>θερμοί,</em></span> <span class='ocrx_word' id='word_1_189' title='bbox 638 2835 792 2926; x_wconf 24' lang='grc' dir='ltr'><em>ἡμιίαμβα</em></span> <span class='ocrx_word' id='word_1_190' title='bbox 823 2836 973 2926; x_wconf 82' lang='grc' dir='ltr'><em>δίμοιρα,</em></span> <span class='ocrx_word' id='word_1_191' title='bbox 1002 2836 1102 2927; x_wconf 80' lang='grc' dir='ltr'><strong><em>πρὸς</em></strong></span> <span class='ocrx_word' id='word_1_192' title='bbox 1130 2836 1388 2926; x_wconf 77' lang='grc' dir='ltr'><em>τὸνβασιλέα</em></span> 
     </span>
     <span class='ocr_line' id='line_1_26' title="bbox 250 2937 1387 3032; baseline -0.002 -22"><span class='ocrx_word' id='word_1_193' title='bbox 250 2939 319 3010; x_wconf 79' lang='grc' dir='ltr'>τὸν</span> <span class='ocrx_word' id='word_1_194' title='bbox 339 2945 656 3009; x_wconf 82' lang='grc' dir='ltr'><em>Κωνστανσῖνον</em></span> <span class='ocrx_word' id='word_1_195' title='bbox 677 2937 743 3009; x_wconf 84' lang='grc' dir='ltr'>τὸν</span> <span class='ocrx_word' id='word_1_196' title='bbox 764 2942 1153 3032; x_wconf 76' lang='grc' dir='ltr'><em>Πορφορομέννησον,·</em></span> <span class='ocrx_word' id='word_1_197' title='bbox 1169 2967 1265 3030; x_wconf 90' lang='lat' dir='ltr'>quam</span> <span class='ocrx_word' id='word_1_198' title='bbox 1281 2946 1387 3030; x_wconf 90' lang='lat' dir='ltr'>sequi-</span> 
     </span>
     <span class='ocr_line' id='line_1_27' title="bbox 250 3047 726 3112; baseline 0 -2"><span class='ocrx_word' id='word_1_199' title='bbox 250 3053 303 3111; x_wconf 92' lang='lat' dir='ltr'>tur</span> <span class='ocrx_word' id='word_1_200' title='bbox 326 3047 387 3112; x_wconf 92' lang='lat' dir='ltr'>hoc</span> <span class='ocrx_word' id='word_1_201' title='bbox 411 3047 561 3111; x_wconf 87' lang='lat' dir='ltr'>carminis</span> <span class='ocrx_word' id='word_1_202' title='bbox 584 3047 726 3112; x_wconf 90' lang='lat' dir='ltr'>initium:</span> 
     </span>
    </p>

    <p class='ocr_par' dir='ltr' id='par_1_4' title="bbox 508 3142 1013 3443">
     <span class='ocr_line' id='line_1_28' title="bbox 509 3142 1008 3236; baseline 0.004 -23"><span class='ocrx_word' id='word_1_203' title='bbox 509 3142 629 3214; x_wconf 77' lang='grc' dir='ltr'><em>Βούλει</em></span> <span class='ocrx_word' id='word_1_204' title='bbox 651 3152 775 3231; x_wconf 80' lang='grc' dir='ltr'><em>μαθεῖν</em></span> <span class='ocrx_word' id='word_1_205' title='bbox 796 3143 1008 3236; x_wconf 77' lang='grc' dir='ltr'><em>Αὐμοῦσσε</em></span> 
     </span>
     <span class='ocr_line' id='line_1_29' title="bbox 508 3248 996 3340; baseline 0.002 -22"><span class='ocrx_word' id='word_1_206' title='bbox 508 3256 786 3318; x_wconf 81' lang='grc' dir='ltr'><em>Κωνσσανιῖνε</em></span> <span class='ocrx_word' id='word_1_207' title='bbox 808 3248 996 3340; x_wconf 77' lang='grc' dir='ltr'><em>κράτιστε</em></span> 
     </span>
     <span class='ocr_line' id='line_1_30' title="bbox 512 3348 1013 3443; baseline 0.006 -23"><span class='ocrx_word' id='word_1_208' title='bbox 512 3355 647 3442; x_wconf 78' lang='grc' dir='ltr'><em>Θορμιῦν</em></span> <span class='ocrx_word' id='word_1_209' title='bbox 669 3348 800 3437; x_wconf 62' lang='grc' dir='ltr'><em>ἄτεχνον</em></span> <span class='ocrx_word' id='word_1_210' title='bbox 821 3358 924 3443; x_wconf 79' lang='grc' dir='ltr'><em>ῥεῦμα</em></span> <span class='ocrx_word' id='word_1_211' title='bbox 946 3358 1013 3423; x_wconf 85' lang='grc' dir='ltr'><em>κιλ.</em></span> 
     </span>
    </p>

    <p class='ocr_par' dir='ltr' id='par_1_5' title="bbox 251 3477 1388 3872">
     <span class='ocr_line' id='line_1_31' title="bbox 338 3477 1388 3566; baseline 0.002 -24"><span class='ocrx_word' id='word_1_212' title='bbox 338 3479 489 3542; x_wconf 85' lang='lat' dir='ltr'>Alterum</span> <span class='ocrx_word' id='word_1_213' title='bbox 517 3497 649 3540; x_wconf 88' lang='lat' dir='ltr'>versum</span> <span class='ocrx_word' id='word_1_214' title='bbox 682 3477 913 3563; x_wconf 90' lang='lat' dir='ltr'>interpolatum</span> <span class='ocrx_word' id='word_1_215' title='bbox 944 3501 1016 3544; x_wconf 88' lang='lat' dir='ltr'>esse</span> <span class='ocrx_word' id='word_1_216' title='bbox 1047 3503 1066 3544; x_wconf 90' lang='lat' dir='ltr'>a</span> <span class='ocrx_word' id='word_1_217' title='bbox 1093 3481 1224 3545; x_wconf 85' lang='lat' dir='ltr'>falsario</span> <span class='ocrx_word' id='word_1_218' title='bbox 1249 3482 1388 3566; x_wconf 90' lang='lat' dir='ltr'>quodam</span> 
     </span>
     <span class='ocr_line' id='line_1_32' title="bbox 251 3581 1388 3670; baseline 0.001 -23"><span class='ocrx_word' id='word_1_219' title='bbox 251 3605 311 3648; x_wconf 91' lang='lat' dir='ltr'>nec</span> <span class='ocrx_word' id='word_1_220' title='bbox 334 3582 440 3646; x_wconf 91' lang='lat' dir='ltr'>minus</span> <span class='ocrx_word' id='word_1_221' title='bbox 464 3581 684 3666; x_wconf 87' lang='lat' dir='ltr'>superscripta</span> <span class='ocrx_word' id='word_1_222' title='bbox 707 3581 807 3645; x_wconf 83' lang='lat' dir='ltr'>verba</span> <span class='ocrx_word' id='word_1_223' title='bbox 821 3582 1012 3667; x_wconf 88' lang='lat' dir='ltr'>Lessingius</span> <span class='ocrx_word' id='word_1_224' title='bbox 1036 3585 1256 3670; x_wconf 86' lang='lat' dir='ltr'>compluribus</span> <span class='ocrx_word' id='word_1_225' title='bbox 1281 3587 1388 3649; x_wconf 88' lang='lat' dir='ltr'>causis</span> 
     </span>
     <span class='ocr_line' id='line_1_33' title="bbox 251 3684 1388 3774; baseline 0 -22"><span class='ocrx_word' id='word_1_226' title='bbox 251 3685 501 3764; x_wconf 89' lang='lat' dir='ltr'>demonstravit,</span> <span class='ocrx_word' id='word_1_227' title='bbox 532 3704 612 3768; x_wconf 87' lang='lat' dir='ltr'>quas</span> <span class='ocrx_word' id='word_1_228' title='bbox 642 3705 727 3747; x_wconf 93' lang='lat' dir='ltr'>nunc</span> <span class='ocrx_word' id='word_1_229' title='bbox 750 3684 880 3750; x_wconf 89' lang='lat' dir='ltr'>adferre</span> <span class='ocrx_word' id='word_1_230' title='bbox 902 3687 1036 3771; x_wconf 91' lang='lat' dir='ltr'>longum</span> <span class='ocrx_word' id='word_1_231' title='bbox 1060 3694 1119 3752; x_wconf 89' lang='lat' dir='ltr'>est.</span> <span class='ocrx_word' id='word_1_232' title='bbox 1165 3689 1280 3774; x_wconf 91' lang='lat' dir='ltr'>Neque</span> <span class='ocrx_word' id='word_1_233' title='bbox 1303 3710 1388 3774; x_wconf 91' lang='lat' dir='ltr'>nego</span> 
     </span>
     <span class='ocr_line' id='line_1_34' title="bbox 252 3787 1193 3872; baseline 0.001 -18"><span class='ocrx_word' id='word_1_234' title='bbox 252 3791 313 3854; x_wconf 91' lang='lat' dir='ltr'>hoe</span> <span class='ocrx_word' id='word_1_235' title='bbox 336 3788 464 3852; x_wconf 89' lang='lat' dir='ltr'>initium</span> <span class='ocrx_word' id='word_1_236' title='bbox 487 3787 685 3872; x_wconf 90' lang='lat' dir='ltr'>comparatis</span> <span class='ocrx_word' id='word_1_237' title='bbox 709 3792 892 3852; x_wconf 91' lang='lat' dir='ltr'>ceterorum</span> <span class='ocrx_word' id='word_1_238' title='bbox 915 3789 1061 3855; x_wconf 90' lang='lat' dir='ltr'>codicum</span> <span class='ocrx_word' id='word_1_239' title='bbox 1084 3792 1193 3856; x_wconf 90' lang='lat' dir='ltr'>verbis</span> 
     </span>
    </p>

    <p class='ocr_par' dir='ltr' id='par_1_6' title="bbox 252 3884 1390 4184">
     <span class='ocr_line' id='line_1_35' title="bbox 561 3884 1040 3979; baseline 0.008 -25"><span class='ocrx_word' id='word_1_240' title='bbox 561 3884 681 3956; x_wconf 82' lang='grc' dir='ltr'><em>Βούλει</em></span> <span class='ocrx_word' id='word_1_241' title='bbox 703 3893 827 3973; x_wconf 88' lang='grc' dir='ltr'><em>μαθεῖν</em></span> <span class='ocrx_word' id='word_1_242' title='bbox 850 3884 1040 3979; x_wconf 66' lang='grc' dir='ltr'><em>ἄνθρωπε</em></span> 
     </span>
     <span class='ocr_line' id='line_1_36' title="bbox 566 3987 979 4084; baseline 0.005 -24"><span class='ocrx_word' id='word_1_243' title='bbox 566 3993 701 4078; x_wconf 81' lang='grc' dir='ltr'><em>Θορμῶν</em></span> <span class='ocrx_word' id='word_1_244' title='bbox 723 3987 854 4077; x_wconf 63' lang='grc' dir='ltr'><em>ἄτεχνον</em></span> <span class='ocrx_word' id='word_1_245' title='bbox 876 3997 979 4084; x_wconf 76' lang='grc' dir='ltr'><em>ῥεῦμα</em></span> 
     </span>
     <span class='ocr_line' id='line_1_37' title="bbox 252 4099 1390 4184; baseline 0.001 -21"><span class='ocrx_word' id='word_1_246' title='bbox 252 4101 393 4163; x_wconf 83' lang='lat' dir='ltr'>maxime</span> <span class='ocrx_word' id='word_1_247' title='bbox 426 4104 617 4184; x_wconf 90' lang='lat' dir='ltr'>suspectum</span> <span class='ocrx_word' id='word_1_248' title='bbox 645 4121 728 4164; x_wconf 89' lang='lat' dir='ltr'>esse.</span> <span class='ocrx_word' id='word_1_249' title='bbox 775 4099 841 4165; x_wconf 81' lang='lat' dir='ltr'>Sed</span> <span class='ocrx_word' id='word_1_250' title='bbox 872 4101 1000 4166; x_wconf 91' lang='lat' dir='ltr'>etiamsi</span> <span class='ocrx_word' id='word_1_251' title='bbox 1027 4103 1102 4167; x_wconf 88' lang='lat' dir='ltr'>huic</span> <span class='ocrx_word' id='word_1_252' title='bbox 1125 4102 1302 4166; x_wconf 91' lang='lat' dir='ltr'>memoriae</span> <span class='ocrx_word' id='word_1_253' title='bbox 1326 4122 1390 4165; x_wconf 91' lang='lat' dir='ltr'>non</span> 
     </span>
    </p>
   </div>
   <div class='ocr_carea' id='block_1_3' title="bbox 254 4226 459 4234">
    <p class='ocr_par' dir='ltr' id='par_1_7' title="bbox 254 4226 459 4234">
     <span class='ocr_line' id='line_1_38' title="bbox 254 4226 459 4234; baseline -0.01 0"><span class='ocrx_word' id='word_1_254' title='bbox 254 4226 459 4234; x_wconf 75' lang='lat'>——--—.-.-</span> 
     </span>
    </p>
   </div>
   <div class='ocr_carea' id='block_1_4' title="bbox 253 4305 1389 4462">
    <p class='ocr_par' dir='ltr' id='par_1_8' title="bbox 253 4305 1389 4462">
     <span class='ocr_line' id='line_1_39' title="bbox 341 4305 1389 4376; baseline 0 -15"><span class='ocrx_word' id='word_1_255' title='bbox 341 4309 361 4375; x_wconf 89' lang='lat'>¹)</span> <span class='ocrx_word' id='word_1_256' title='bbox 380 4307 419 4361; x_wconf 81' lang='lat' dir='ltr'>cf.</span> <span class='ocrx_word' id='word_1_257' title='bbox 438 4305 576 4375; x_wconf 85' lang='lat' dir='ltr'>Lessingii</span> <span class='ocrx_word' id='word_1_258' title='bbox 602 4321 665 4374; x_wconf 87' lang='lat' dir='ltr'>opp.</span> <span class='ocrx_word' id='word_1_259' title='bbox 690 4305 757 4359; x_wconf 88' lang='lat' dir='ltr'>XIII</span> <span class='ocrx_word' id='word_1_260' title='bbox 772 4307 795 4371; x_wconf 90' lang='lat'>1,</span> <span class='ocrx_word' id='word_1_261' title='bbox 818 4323 844 4375; x_wconf 92' lang='lat' dir='ltr'>p.</span> <span class='ocrx_word' id='word_1_262' title='bbox 858 4306 1004 4362; x_wconf 79' lang='lat'>194—231</span> <span class='ocrx_word' id='word_1_263' title='bbox 1031 4305 1165 4375; x_wconf 85' lang='lat' dir='ltr'>(Berolini</span> <span class='ocrx_word' id='word_1_264' title='bbox 1188 4323 1233 4375; x_wconf 88' lang='lat' dir='ltr'>ap.</span> <span class='ocrx_word' id='word_1_265' title='bbox 1251 4306 1389 4376; x_wconf 86' lang='lat' dir='ltr'>Hempel.)</span> 
     </span>
     <span class='ocr_line' id='line_1_40' title="bbox 253 4391 945 4462; baseline -0.006 -12"><span class='ocrx_word' id='word_1_266' title='bbox 253 4395 363 4450; x_wconf 80' lang='lat' dir='ltr'>Paulas</span> <span class='ocrx_word' id='word_1_267' title='bbox 381 4392 553 4447; x_wconf 69' lang='lat' dir='ltr'>silentiarios</span> <span class='ocrx_word' id='word_1_268' title='bbox 571 4392 628 4458; x_wconf 72' lang='lat' dir='ltr'>aas</span> <span class='ocrx_word' id='word_1_269' title='bbox 641 4391 683 4446; x_wconf 82' lang='lat' dir='ltr'>dte</span> <span class='ocrx_word' id='word_1_270' title='bbox 695 4391 824 4462; x_wconf 73' lang='lat' dir='ltr'>pythtacb.</span> <span class='ocrx_word' id='word_1_271' title='bbox 844 4392 945 4446; x_wconf 80' lang='lat' dir='ltr'>decr.</span> 
     </span>
    </p>
   </div>
   <div class='ocr_carea' id='block_1_5' title="bbox 0 0 1642 4954">
    <p class='ocr_par' dir='ltr' id='par_1_9' title="bbox 0 0 1642 4954">
     <span class='ocr_line' id='line_1_41' title="bbox 0 0 1642 4954; baseline 0 0"><span class='ocrx_word' id='word_1_272' title='bbox 0 0 1642 4954; x_wconf 95' lang='lat' dir='ltr'> </span> 
     </span>
    </p>
   </div>
  </div>
 </body>
</html>
