3252 4954
716 325 928 387 „24-

252 489 407 582 τριγώνου
430 488 569 560 ἑκάστου
586 491 707 580 κρηπὶς
729 517 792 559 πε·
845 491 1388 581 ξυνοῦπηγνυμὲνηνέπὶτέρμονος·

253 594 412 684 πιεσμένη
442 597 482 685 τῇ
511 592 545 676 ἐς
567 589 707 684 ἀλλήλας
728 599 793 662 τῶν
956 590 1110 684 ὀρνυμένη
1133 595 1169 662 δὲ

253 695 387 786 ἆψίδων
408 697 527 786 δνόρσει
551 692 660 780 όξεῖαν
682 704 794 768 ποιεῖ·
846 693 972 788 ἠερίοις
1004 696 1089 766 κατὰ
1123 697 1219 786 βαιὸν
1253 696 1389 788 ἐυγνάμ-

252 829 309 872 ται
330 799 389 892 τὴν
403 798 493 869 κύτω
509 799 638 889 γωνίαν,
655 825 793 870 συνανα-
954 825 1072 871 πτοισι
1091 799 1262 883 κελεύθοις

253 903 414 992 βαίνουσα
434 905 470 973 δὲ
498 902 536 973 τὸ
558 902 678 974 λοιπὸν
702 902 794 994 εύρυ-
845 901 1194 997 τῆςπρὶνόμογνήτοιο
1207 903 1389 974 διίσταται·

252 1008 368 1097 νομένη
390 1011 430 1099 τῇ
450 1011 574 1095 μεταξύ
595 1006 684 1100 χώρη
701 1011 734 1091 ἐς
755 1008 794 1079 τὸ
954 1004 1038 1076 ἀλλὰ
1061 1009 1118 1076 καί
1142 1005 1249 1078 αὐτῶν

253 1113 441 1200 κυκλοτερὲς
473 1114 616 1202 τελευτᾷ,
649 1108 667 1181 ὃ
693 1111 794 1204 ταύτῃ
848 1108 981 1200 ἆψίδων
997 1109 1169 1200 τὸμεταξύ
1184 1115 1298 1195 καλοῖς
1313 1109 1390 1180 δινα-

254 1211 373 1299 όινέχει,
397 1212 516 1302 γωνίας
538 1215 574 1284 δὲ
595 1217 796 1303 λειπομένας
957 1214 1154 1302 πίμπλαται
1176 1214 1292 1306 ἔργοις.

253 1319 399 1386 ἐνταῦθα
422 1323 582 1388 ποιεῖται.
848 1318 931 1388 ἔνθα
954 1317 1015 1407 γὰρ
1036 1315 1183 1410 ἀλλήλων
1207 1315 1392 1406 ἂπονεύμε-

955 1451 1010 1491 ναι
1031 1419 1133 1514 ἤθεσι
1154 1424 1265 1514 τέχνης

848 1523 928 1618 ἠέρα
940 1524 1059 1615 γυμνὸν
1068 1523 1204 1611 ἔδειξαν,
1216 1522 1391 1596 ἆνόσσυται

955 1624 1014 1698 ἶσοι
1039 1627 1183 1720 τριγιύνηι

847 1730 1389 1818 τοῖχοςέπικλινθεὶς,όσοναῖσιον,

959 1831 1033 1926 ἷίχρι
1055 1833 1187 1926 συνάψῃ

849 1938 976 2032 πήχεας
985 1935 1223 2031 ἀμφοτέρωθεν
1234 1938 1392 2029 ὁμόζυγος

937 2039 1048 2132 όίντυγι
1070 2041 1197 2112 κύκλου.

338 2219 390 2285 Da
402 2221 598 2302 hominibus,
611 2221 666 2305 qui
680 2219 793 2306 templi
806 2221 1079 2306 pulchritudinem
1092 2220 1302 2301 admirantur,
1316 2221 1394 2285 dicit

391 2357 505 2424 Procop.
516 2375 543 2424 p.
558 2355 615 2416 177,
625 2356 654 2408 8:
847 2355 925 2409 Paul.
939 2355 1009 2410 1153
1035 2356 1088 2410 hac
1109 2354 1294 2410 similitudine
1313 2373 1393 2410 usus:

254 2454 291 2527 ού
316 2458 516 2547 παρέχονται
544 2457 580 2525 δὲ
607 2460 679 2535 τοῖς
705 2461 795 2522 θεω-
848 2460 917 2538 πᾶς
945 2453 1063 2544 βροτὸς
1097 2452 1329 2548 όιγλαόμορφον
1359 2460 1392 2541 ἐς
1440 2513 1442 2518 .

253 2562 364 2648 μένοις
389 2563 496 2628 αύτῶν
517 2587 581 2628 τινι
609 2559 795 2648 ἐμφιλοχω-
957 2555 1092 2649 ούρανδν
1115 2555 1207 2647 όμμα
1230 2559 1394 2644 τανύσσας

253 2670 320 2754 ρεῖν
342 2663 401 2731 ἐπὶ
418 2661 504 2730 πολύ
521 2661 580 2754 τὴν
596 2658 687 2749 όψιν,
711 2657 794 2728 ἀλλὰ
849 2659 908 2732 ούκ
936 2663 994 2731 ε’πί
1028 2661 1087 2755 δὴν
1115 2665 1263 2754 τέτληκεν
1292 2661 1393 2752 όναγ-

253 2765 408 2853 μεθέλκει
436 2763 493 2835 τὸν
517 2763 696 2857 ὀφθαλμὸν
720 2764 796 2832 όκα-
959 2768 1145 2859 ναμφθέντι
1167 2765 1317 2858 τραχήλῳ

255 2895 331 2938 στον
360 2869 417 2937 καὶ
448 2866 663 2958 μεταβιβάζει
691 2872 796 2962 ῥᾷστα
849 2867 979 2940 κύκλιον
1023 2866 1283 2961 ἆστροχίτωνος,
1311 2871 1392 2941 ἰδεῖν

256 2969 306 3062 ἐφ’
332 2971 439 3042 ἑαυτό.
486 2970 708 3063 ἇγχίστροφύς
728 2971 795 3066 τεὴ
957 2979 1099 3063 λειμῶνα
1121 2975 1272 3067 χορείης·

253 3080 313 3167 τῆς
350 3077 434 3158 θύας
471 3075 636 3168 μεταβολὴ
674 3078 708 3159 ἐς
745 3073 797 3145 όιεὶ
850 3075 1014 3147 ἀλλὰκαὶ
1042 3079 1075 3160 ἒς
1096 3078 1280 3164 χλούουσαν
1303 3076 1393 3171 διπή-

255 3179 388 3268 γίνεται.
957 3175 1052 3270 γαγεν
1074 3177 1166 3267 όμμα
1188 3181 1339 3274 κολώνην,

850 3285 907 3352 καί
941 3282 1016 3372 ῥόον
1053 3280 1272 3370 ἀνθεμόεντος
1311 3287 1394 3356 ίδεῖν

959 3384 1127 3475 ἐπόθησεν
1150 3383 1301 3479 ἀναύρου.

851 3493 917 3558 κτλ.
941 3514 1044 3578 usque
1068 3494 1110 3559 ad
1133 3517 1163 3562 v.
1182 3499 1252 3561 165.

344 3648 395 3712 De
418 3648 605 3732 ligamentis
630 3649 664 3711 in
686 3648 825 3732 pilarum
850 3656 1013 3714 structura
1035 3649 1200 3718 adhibitis,

388 3787 502 3855 Procop.
520 3803 547 3855 p.
561 3785 619 3850 178,
635 3787 663 3840 4:
819 3785 823 3872 η
998 3789 1075 3844 Paul.
1089 3790 1162 3844 1160
1175 3808 1247 3859 sqq.:

256 3915 316 3958 nec
332 3887 463 3970 τίτανος
479 3883 638 3976 όσβεστος
657 3911 720 3955 σου
735 3881 796 3954 όίσ-
849 3887 1023 3978 ἁρμονίαις
1035 3892 1063 3958 δ’
1073 3891 1179 3982 ἐνέηκε
1190 3889 1393 3977 πλόκαςμα-

256 3996 390 4084 φαλτος,
405 4018 467 4082 quo
482 3995 672 4060 Semiramis
685 3994 796 4080 Baby·
957 3995 1072 4061 λακοῖο
1094 3991 1270 4080 μολύβδου,

256 4101 364 4164 Ioniae
387 4101 500 4186 regina
521 4098 714 4179 usitabatur‚
740 4097 798 4162 sed
851 4089 938 4184 όφρα
967 4121 1003 4164 κε
1029 4095 1075 4187 μὴ
1098 4094 1227 4186 λόϊγγες
1256 4097 1310 4164 ἐπ’
1334 4093 1393 4164 διλ-

257 4204 428 4290 plumbum
444 4203 625 4268 adhibitum
638 4209 701 4268 est:
716 4195 798 4266 ἀλλὰ
959 4196 1074 4291 λήλῃσι
1096 4203 1258 4283 δοθεῖσαι,

256 4300 399 4391 μόλυβος
421 4302 468 4384 είς
490 4304 593 4391 τέλμα
604 4303 720 4388 χυθεὶς
741 4303 798 4370 καὶ
851 4303 908 4370 καὶ
937 4301 1081 4393 στυφελὰ
1107 4305 1315 4394 στυφελοῖσιν
1338 4305 1391 4372 ἐπ’

256 4403 379 4493 μεταξύ
416 4404 604 4490 πανταχόσε
637 4404 797 4500 χωρήσας,
961 4403 1098 4498 δ’χθεσιν
1122 4403 1228 4495 όίχθεα
1250 4414 1366 4478 θεῖσαι
