3252 4954
731 313 943 373 „16-

270 481 478 544 simulacrum
511 481 748 546 Theodoriadis
780 483 947 548 cuiusdam
978 483 1252 569 pulchritudinem
1275 483 1405 547 omnino

269 607 335 649 non
359 585 561 670 adaequasse
585 592 683 671 poeta
707 587 864 652 adfirmat.
892 627 926 634 —
953 588 1006 652 Ad
1030 589 1272 652 citharistarum
1295 596 1405 653 autem

269 691 429 775 imagines
446 691 626 777 respiciunt
642 692 736 756 Pauli
753 714 826 778 epp.
845 695 917 759 277.
932 695 1004 757 278.
1050 693 1193 777 Easdem
1210 701 1266 759 aut
1283 694 1404 758 similes

273 795 413 858 feminas
425 793 541 862 Leont.
559 795 668 859 Schol.
685 795 766 859 XVI
780 798 850 860 285.
868 799 940 862 283.
955 801 1016 862 284
1034 799 1185 862 cantavit.
1200 797 1403 883 —Denique

269 919 319 983 ep.
345 900 403 962 118
444 899 566 962 Paulus
598 897 796 984 Oynegirum
828 901 920 963 illum
954 902 1113 981 celebrat,
1153 902 1208 986 qui
1229 902 1404 966 Persarum

272 1022 390 1065 navem
414 1003 564 1066 manibus
587 1003 730 1068 retinuit.
777 1001 825 1066 Of.
851 1001 981 1068 Cornel.
1004 1004 1143 1089 Longin.
1167 1005 1250 1068 XVI
1266 1009 1336 1068 117.

355 1108 399 1171 Hi
425 1115 499 1172 sunt
514 1111 621 1192 flores,
638 1130 718 1194 quos
735 1109 796 1173 sibi
813 1110 978 1196 decerpsit
993 1099 1115 1176 Paulus
1133 1133 1153 1175 a
1169 1111 1403 1174 sententiarum

270 1213 608 1299 epigrammaticarum
636 1214 754 1298 pratis;
787 1235 841 1277 eos
871 1214 938 1278 fere
969 1235 1082 1278 omnes
1110 1214 1225 1278 insitos
1260 1234 1333 1277 esse
1362 1214 1403 1277 ab

270 1319 341 1382 aliis
366 1318 707 1404 priorumtemporum
730 1318 889 1403 imprimis
912 1318 1209 1383 Alexandrinorum
1232 1317 1338 1403 poetis
1363 1338 1405 1381 ex

269 1428 443 1506 conspectu
471 1442 545 1486 meo
574 1421 671 1502 satis,
700 1422 830 1506 opinor,
861 1428 1007 1507 apparet.
1061 1421 1167 1495 Quid?
1210 1419 1299 1496 ‚Sola
1327 1442 1404 1484 num

269 1525 330 1589 hac
355 1547 454 1589 causa
478 1526 627 1612 commoti
646 1525 784 1589 Paulum
802 1526 890 1589 omni
906 1525 1165 1612 epigrammatici
1176 1530 1293 1610 poetae
1306 1524 1403 1589 laude

270 1630 417 1712 quamvis
451 1629 609 1693 mediocri
642 1631 753 1713 utique
784 1630 953 1714 indignum
980 1629 1190 1715 putabimus?
1244 1629 1403 1713 Equidem

272 1753 335 1794 non
359 1754 398 1796 eo
423 1733 608 1796 severitatis
631 1731 840 1817 progrediar,
865 1733 1016 1818 quoniam
1039 1732 1119 1795 mihi
1136 1753 1330 1817 persuasum
1354 1738 1404 1796 est

271 1855 401 1915 omnes,
426 1836 609 1920 quicunque
634 1835 741 1898 studia
763 1836 804 1899 ad
826 1843 941 1920 poetas
965 1836 1039 1900 illos
1063 1835 1263 1919 Byzantinos
1288 1841 1402 1898 contu-

269 1939 387 2019 lemnt,
411 1939 508 2023 longe
532 1939 662 2016 abesse,
686 1945 722 2002 ut
746 1959 846 2002 novas
870 1941 1063 2024 nativasque
1089 1939 1267 2002 sententias
1291 1940 1331 2003 ab
1356 1940 1403 2003 eis

268 2044 445 2127 postulent.
490 2042 606 2126 Itaque
630 2042 892 2106 existimantibus
922 2043 1015 2106 nobis
1039 2042 1202 2106 interdum
1226 2044 1403 2126 contigisse

268 2147 325 2209 tali
342 2152 469 2231 poetae,
493 2153 530 2210 ut
543 2147 724 2210 sententiae
749 2147 811 2210 etsi
827 2147 979 2230 antiquae
1004 2151 1128 2210 vestem
1144 2143 1294 2210 indueret
1315 2145 1403 2210 haud

270 2251 492 2328 invenustam,
516 2249 702 2334 negandum
726 2256 777 2314 est
800 2271 874 2313 eum
895 2255 999 2313 totum
1025 2271 1137 2313 carere
1160 2254 1276 2334 poetae
1298 2249 1403 2313 laudi-

267 2353 340 2416 bus.
388 2353 431 2415 ut
455 2353 589 2436 contigit
616 2353 677 2416 hoc
706 2373 947 2437 nonnumquam
978 2353 1080 2416 Paulo
1111 2358 1222 2416 nostro
1255 2373 1298 2416 ex
1329 2374 1404 2416 mea
1476 2433 1478 2436 ι

268 2457 399 2542 quidem
413 2459 585 2521 sententia.
622 2455 718 2529 Quod
734 2458 936 2541 argumentis
956 2479 1033 2522 sane
1049 2457 1263 2522 demonstrari
1279 2459 1403 2543 nequit,

269 2562 343 2646 quia
374 2582 468 2625 suum
498 2561 633 2645 quisque
657 2560 718 2625 hac
742 2561 782 2624 de
812 2583 847 2625 re
876 2561 977 2626 habet
998 2561 1169 2636 iudicium;
1194 2561 1252 2626 sed
1274 2563 1403 2648 perlus-

268 2666 360 2729 tratis
387 2664 552 2728 ncnnullis
578 2664 821 2749 epigrammatis
842 2664 948 2744 Pauli,
972 2665 1062 2729 velut
1077 2665 1108 2727 V
1125 2667 1197 2746 250,
1222 2665 1308 2750 quod
1324 2687 1403 2750 prae

271 2770 387 2835 ceteris
414 2769 493 2832 mihi
517 2769 680 2853 placuisse
699 2768 854 2833 confiteor
877 2768 935 2854 (cf.
952 2770 1050 2833 etiam
1068 2767 1402 2853 arcamarcaa),

269 2873 452 2958 opinionem
480 2894 587 2936 meam
618 2873 715 2936 etiam
747 2872 787 2935 ab
816 2873 887 2936 aliis
911 2873 1085 2958 probatum
1117 2873 1154 2935 iri
1177 2871 1273 2936 valde
1297 2893 1402 2958 spere.

272 2977 337 3040 Sed
354 2999 395 3042 ne
416 2977 591 3062 quisdicat
614 2999 665 3041 me
689 2983 725 3040 ut
740 2982 912 3062 patronum
929 2977 1025 3040 huius
1049 2977 1109 3040 viri
1125 2977 1224 3040 nimio
1248 2998 1321 3041 eum
1345 2977 1402 3040 de-

269 3103 399 3146 corasse
433 3082 571 3162 honore,
608 3103 720 3146 verum
756 3087 874 3166 poetae
908 3083 1074 3167 ingenium
1110 3087 1147 3145 ut
1180 3081 1220 3144 ab
1254 3081 1401 3145 omnibus

271 3186 377 3270 poetis
411 3185 602 3270 Byzantinis
636 3185 682 3248 ita
717 3185 814 3249 etiam
843 3207 862 3248 a
890 3185 993 3250 Paulo
1022 3184 1272 3250 abiudicandum
1303 3185 1402 3260 duco;

268 3288 345 3372 quin
376 3288 474 3351 etiam
504 3288 694 3372 pudicitiam
724 3309 797 3352 eum
822 3289 946 3373 aliquot
969 3287 1212 3374 epigrammatis
1235 3286 1400 3350 amatoriis

266 3391 370 3476 magis
405 3392 593 3476 neglexisse
625 3414 719 3477 quam
754 3393 835 3457 alios
866 3399 978 3480 poetas
1002 3391 1300 3478 epigrammaticos,
1329 3411 1402 3454 cum

266 3517 320 3559 res
345 3515 424 3559 sane
442 3496 603 3560 obscenas
626 3518 691 3561 non
710 3498 778 3561 sine
799 3497 916 3582 gaudio
933 3496 1143 3576 describeret,
1167 3493 1254 3558 haud
1276 3494 1401 3579 ignoro.

267 3599 391 3664 Verum
426 3606 458 3663 et
492 3599 553 3663 hoc
591 3601 697 3686 ipsum
734 3601 925 3665 recentioris
957 3599 1030 3664 aevi
1058 3605 1118 3664 est.
1161 3597 1402 3662 Iucunditatem

266 3710 375 3768 autem
400 3704 561 3789 quandam
577 3705 681 3768 Paulo
702 3704 829 3769 detrahi
851 3725 913 3768 nec
938 3708 1069 3788 egomet
1092 3703 1190 3767 velim
1215 3723 1276 3766 nec
1301 3701 1402 3767 ceteri

265 3810 397 3874 voluere
432 3810 491 3873 viri
528 3809 629 3890 docti,
661 3811 730 3895 qui,
767 3831 830 3894 quo
858 3808 996 3894 quisque
1024 3808 1095 3871 loco
1123 3808 1163 3871 de
1194 3829 1233 3872 eo
1263 3807 1400 3891 scripsit,

265 3912 404 3975 Paulum
443 3912 529 3976 illius
565 3914 683 3976 aetatis
720 3919 852 3998 poetam
888 3933 966 3976 sane
997 3911 1166 3997 egregium
1196 3906 1400 3992 dixerunt¹);

267 4020 399 4099 praeter
427 4014 615 4096 Malletum,
644 4016 698 4101 qui
722 4038 794 4080 cum
817 4017 838 4078 l.
862 4017 880 4078 l.
905 4038 936 4101 p.
956 4018 995 4078 54
1021 4036 1066 4100 sq.
1099 4013 1254 4079 severiori
1280 4010 1400 4074 iudicio

266 4118 306 4183 de
322 4119 417 4183 Pauli
437 4121 602 4185 amatoriis
626 4121 711 4185 facto
734 4122 819 4185 hunc
842 4121 940 4184 finem
957 4120 1150 4206 imponeret:
1175 4117 1265 4196 „iere
1294 4113 1401 4178 omnia

265 4245 284 4288 a
307 4224 394 4288 vitae
418 4227 555 4290 veritate
580 4232 722 4306 remota,
754 4225 863 4290 omnia
885 4226 932 4289 ita
955 4229 1141 4310 comparata
1164 4225 1249 4298 sunt,
1271 4224 1307 4283 ut
1330 4239 1399 4282 om-

353 4440 373 4507 ¹)
392 4438 431 4492 Of.
451 4439 668 4508 Bernhardyum,
689 4441 734 4496 Gr.
754 4439 821 4494 uita.
838 4442 848 4472 ³
867 4439 893 4493 ΙΙ
906 4439 930 4503 2,
949 4457 975 4508 p.
989 4437 1047 4505 767,
1065 4435 1220 4493 Iacobsium
1239 4434 1268 4484 et
1285 4431 1363 4485 alios.

916 4512 1109 4583 f
