3252 4954
725 295 939 358 ..22-

267 467 318 547 sit,
341 486 408 529 non
430 466 560 530 nescius
584 487 672 548 sum,
696 471 804 530 tamen
827 466 983 531 hocloco
1007 465 1229 531 adhibendum
1254 488 1327 530 csse
1350 489 1401 531 ar-

265 571 377 636 bitror.
429 569 544 654 Neque
580 569 666 632 enim
700 569 880 636 concedere
914 591 1049 655 possum
1084 571 1295 656 Procopium,
1331 593 1403 635 cum

265 673 404 759 primam
428 671 648 736 calamitatem
671 673 847 757 praecipue
872 693 911 737 ec
936 673 1072 737 consilio
1092 679 1268 754 narrasset,
1291 679 1328 739 ut
1351 695 1402 738 sa-

266 777 421 863 pientiam
461 775 668 861 imperatoris
710 775 893 840 celebraret
926 797 1031 862 paene
1070 776 1228 857 divinam,
1268 778 1403 842 alteram

267 881 396 944 omnino
419 879 691 964 praetermisisse,
714 879 910 964 praesertim
934 901 1008 944 cum
1024 880 1188 944 restitutio
1210 885 1277 944 tam
1295 883 1402 966 splen-

267 985 344 1049 dida
367 1004 440 1048 eam
462 988 666 1066 sequeretur,
689 1003 786 1066 quam
809 983 1015 1048 occasionem
1039 984 1282 1049 munificentiae
1303 985 1403 1048 Iusti-

266 1089 405 1152 nianeae
438 1086 544 1150 denuo
573 1085 814 1172 praedicandae
846 1092 933 1151 certe
968 1107 1033 1150 non
1057 1087 1224 1152 omisisset
1257 1088 1405 1152 adulator

267 1191 468 1277 Byzantinus
480 1188 516 1275 l).
553 1189 670 1274 Itaque
687 1189 917 1255 concludamus
935 1196 1065 1276 oportet
1083 1190 1226 1255 nondum
1244 1191 1403 1256 accidisse

267 1317 385 1360 novam
401 1295 491 1358 illam
507 1293 740 1370 calamitatem,
764 1314 827 1378 quo
843 1298 989 1378 tempore
1013 1294 1095 1358 hacc
1118 1295 1214 1380 primi
1230 1295 1305 1359 libri
1329 1316 1404 1380 pars

268 1422 288 1464 a
310 1398 470 1484 Procopio
493 1397 585 1461 finita
615 1402 676 1461 est.
721 1396 817 1462 Unde
847 1398 1007 1481 sequitur,
1031 1404 1068 1462 ut
1099 1403 1175 1462 ante
1199 1420 1319 1462 annum
1342 1401 1404 1463 558

268 1501 419 1587 (XXXII
452 1501 640 1584 Iustiniani)
677 1500 857 1586 Procopius
898 1501 983 1564 hanc
1020 1507 1147 1586 partem
1190 1501 1356 1588 scripserit
1366 1501 1404 1588 2).

268 1607 356 1690 Ergo
387 1605 414 1668 si
443 1603 661 1668 demonstrari
693 1609 802 1689 potest
829 1603 1025 1689 Procopium
1057 1610 1091 1669 et
1117 1605 1258 1669 Paulum
1288 1606 1322 1668 in
1345 1606 1404 1670 de-

266 1708 496 1795 scriptionibus
512 1708 596 1771 inter
620 1728 656 1771 se
674 1708 847 1772 concinere
864 1707 956 1788 adeo,
977 1714 1013 1771 ut
1035 1709 1168 1774 alterius
1184 1709 1405 1774 narrationem

267 1819 343 1879 ante
377 1813 488 1876 oculos
518 1811 726 1876 obversatam
761 1832 835 1876 esse
865 1811 960 1876 alteri
992 1811 1126 1878 credere
1157 1833 1330 1898 cogamur,
1365 1814 1405 1878 de

267 1917 335 1981 solo
364 1916 469 1980 Paulo
499 1917 663 1980 imitatore
693 1915 903 2000 cogitandum
935 1923 995 1980 est.
1039 1916 1083 1980 Et
1110 1917 1323 1981 inveniuntur
1345 1918 1405 1980 ali-

269 2027 348 2106 quot
369 2020 433 2084 loci
456 2019 544 2106 apud
565 2041 652 2100 eum,
677 2021 732 2105 qui
755 2019 796 2084 ad
812 2019 964 2107 Procopii
981 2019 1233 2107 descriptionem
1256 2026 1406 2106 spectare

268 2125 449 2191 videantur.
502 2123 648 2197 Quorum
682 2145 880 2210 quamquam
913 2125 1086 2189 nonnullos
1123 2126 1187 2189 iarn
1223 2125 1407 2210 composuit

268 2229 482 2294 Kortuemius
506 2229 582 2311 (1.1.
606 2251 637 2314 p.
652 2229 714 2312 X),
745 2235 866 2311 tamen,
890 2229 965 2314 quia
994 2229 1166 2294 materiam
1189 2249 1253 2292 non
1275 2229 1407 2314 penitus

270 2333 433 2414 exhausit,
457 2333 576 2396 iterum
601 2352 656 2396 cos
680 2331 837 2396 hocloco
860 2333 893 2396 in
915 2353 1016 2395 unum
1040 2332 1216 2396 conferam.

268 2467 341 2551 K.³)
413 2464 527 2533 Procop.
547 2482 575 2534 p.
589 2464 762 2533 174,2sqq.:
1000 2463 1080 2518 Paul.
1098 2465 1258 2532 1134sqq.:

263 2563 444 2653 Ἂνθέμιος
466 2567 502 2634 δὲ
528 2562 728 2655 Τραλλιανὸς
750 2563 809 2632 ἐπὶ
906 2562 1120 2657 ἐπευφήμησε
1142 2567 1180 2634 δὲ
1207 2568 1318 2657 ιε’χυην
1347 2571 1407 2656 (sc.

269 2667 374 2761 σοφίᾳ
394 2673 434 2761 τῇ
454 2671 635 2759 καλουμένῃ
650 2672 811 2758 μηχανικῇ
969 2666 986 2737 ὁ
1010 2667 1176 2756 βασιλεύς)

269 2771 469 2862 λογιώτατος
491 2768 529 2842 οὗ
543 2775 609 2840 τῶν
623 2772 695 2840 κατ’
712 2767 811 2841 αὐτὸν
864 2773 922 2841 καὶ
960 2769 1034 2842 νόον
1062 2769 1256 2861 Ἀνθεμίοιο
1292 2798 1407 2842 κεκασ-

270 2874 369 2964 μόνον
391 2872 547 2946 ἁπάντων
570 2871 653 2944 ἀλλὰ
675 2876 814 2944 καὶτῶν
969 2877 1065 2964 μένον
1087 2875 1225 2968 ἔμφρονι
1248 2879 1358 2968 βουλῇ.

360 3105 381 3171 ²)
400 3105 480 3158 Hanc
498 3120 610 3158 causam
629 3102 791 3157 brevissime
808 3102 866 3156 iam
883 3101 1063 3156 Kortuemius
1081 3103 1209 3172 protulit.

360 3208 380 3274 2)
400 3206 454 3260 Sed
473 3207 559 3261 etiam
582 3207 749 3276 posteriores
771 3205 862 3276 operis
881 3205 1047 3275 Procopiani
1066 3208 1160 3275 partes
1178 3209 1244 3262 ante
1263 3207 1344 3262 Pauli
1363 3209 1409 3263 de-

271 3291 453 3361 scriptionem
471 3295 611 3348 confectas
630 3309 689 3347 esse
712 3292 780 3346 satis
799 3291 978 3345 manifestum
1001 3294 1051 3346 est.
1086 3293 1119 3346 In
1139 3293 1232 3362 quinti
1252 3294 1327 3348 enim
1344 3295 1409 3349 libri

273 3395 334 3447 cap.
354 3379 403 3434 ΙΙΙ.
427 3379 580 3448 Procopius
594 3379 628 3434 dc
640 3381 726 3448 ponte
738 3381 843 3446 narrat,
862 3394 945 3447 quem
957 3377 1130 3433 Iustinianus
1149 3379 1312 3451 Sangario
1325 3382 1410 3436 fluvio

273 3464 355 3518 Asiae
365 3465 508 3530 iniecerit;
527 3465 735 3520 hunerondum
746 3467 899 3535 perfectum
911 3481 977 3532 csse,
997 3482 1059 3519 cum
1073 3466 1225 3537 Procopius
1237 3467 1358 3537 scripsit,
1377 3486 1410 3522 ex

272 3551 349 3606 hisce
368 3551 456 3620 ipsius
468 3551 560 3605 verbis
574 3551 666 3606 elucet
685 3551 738 3619 (III
755 3570 781 3621 p.
796 3552 829 3606 98
843 3551 884 3606 ed.
898 3552 1012 3621 Bonn.):
1030 3551 1155 3621 βασιλευς
1173 3553 1203 3606 δὲ
1219 3549 1412 3616 Ἰουσιινιανός

271 3640 399 3712 γέφυραν
421 3633 496 3710 αυτῷ
510 3637 703 3711 ἐγκεχείρηκεν
714 3637 958 3709 ἐποικοδομεῖσθαι
975 3641 1078 3692 τανῦν
1097 3635 1283 3712 ἀρξάμενός
1300 3661 1336 3696 τε
1354 3645 1410 3696 τοῦ

272 3725 371 3798 ἔργου
388 3721 442 3795 ἤδη
460 3725 563 3794 πολλήν
580 3724 608 3784 ἐς
626 3720 694 3778 adad
712 3724 852 3797 διατριβήν
870 3723 928 3794 ἔχει
947 3743 953 3756 ·
972 3723 1040 3798 ὅπερ
1059 3715 1090 3780 sd
1108 3713 1178 3794 οἶδα,
1197 3724 1239 3782 ὅτι
1255 3729 1412 3783 ὁποτελέσει

272 3811 304 3866 ov'
321 3814 412 3884 πολλῷ
423 3809 539 3884 ὕστερον
550 3810 787 3882 τεκμηριούμενος,
807 3809 849 3865 ὅτι
862 3811 898 3880 δή
917 3807 992 3885 αὐτῷ
1008 3811 1043 3865 τα
1061 3809 1129 3885 ἔργα
1148 3814 1412 3885 συνεπιλαμβάνεται

273 3902 290 3953 c‘
308 3899 373 3960 θεός
392 3897 507 3954 ἅπαντα.
543 3899 669 3953 Eundem
687 3900 783 3953 autem
792 3900 907 3968 pontem
919 3901 1073 3970 perfectum
1085 3901 1189 3956 Paulus
1206 3920 1232 3956 v.
1250 3902 1277 3956 ΙΙ
1288 3902 1340 3958 514
1351 3919 1410 3971 sqq.

272 3988 408 4042 Illumat⁸
479 4053 527 4109 τόν
545 4053 610 4128 πρὶν
629 4049 798 4123 ἅνικήτοισιν
817 4049 1005 4126 οἲγηνορέοντα
1023 4056 1153 4128 ῥεέθροιςι

482 4141 616 4211 Μύγδονα
634 4139 792 4214 Σαγγάριόν
809 4160 849 4200 τις
868 4141 934 4193 ἰδών
952 4142 1076 4195 Βιθυνίδι
1093 4142 1157 4212 γαίγ

480 4231 553 4282 νῶτα
571 4227 761 4299 λιθοτμήτοισι
779 4228 967 4292 discussam
984 4229 1120 4300 γεφύραις
1139 4229 1194 4283 κτλ.

274 4316 414 4381 odetiam
432 4317 534 4386 Agath.
554 4333 596 4385 ep.
615 4315 654 4369 IX
667 4315 717 4371 641
738 4317 787 4382 (εἰς
803 4317 931 4387 γέφυραν
949 4318 998 4369 τοῦ
1015 4314 1190 4386 Σαγγαρίου).

362 4421 383 4489 ³)
401 4420 461 4475 Hac
470 4419 567 4475 littera
583 4435 629 4476 eos
639 4419 713 4476 locos
722 4418 867 4492 insignivi,
883 4419 1019 4491 quosiam
1028 4417 1207 4474 Kortuemius
1218 4419 1409 4492 investigavit.
