3224 4946
668 313 877 376 -79..

203 485 309 569 ipsum
341 485 439 548 etiam
470 484 595 548 cautius
622 483 723 548 fuisse
752 483 996 568 intellegemus,
1021 483 1048 546 si
1071 484 1176 546 solum
1200 483 1339 568 primum

204 589 478 673 Dionysiacorum
498 587 616 652 librum
632 581 883 673 inspencrimus.
930 586 1030 651 Cuius
1052 589 1085 650 in
1108 590 1170 650 534
1187 609 1338 652 versuum

203 693 323 756 finibus
340 694 464 756 nullum
482 693 603 777 legitur
618 691 813 776 disyllabum
830 691 1042 756 trochaicum.
1078 690 1204 754 Eadem
1220 698 1340 770 autem,

204 817 288 881 quae
310 797 351 860 de
374 795 478 860 Paulo
503 796 729 881 comperimus,
754 795 794 858 dc
813 793 1023 858 Christodoro
1047 815 1177 880 quoquc
1192 785 1341 858 'dicenda

204 921 279 963 esse
303 900 567 986 Baumgartenus
591 899 827 963 demonstravit
850 898 896 984 (p.
913 901 954 962 48
978 897 1052 983 sq.)

290 1021 364 1086 Non
378 1023 486 1086 minus
503 1043 617 1086 severe
634 1021 756 1084 Paulus
773 1041 830 1084 eas
847 1019 977 1104 regulas
992 1018 1024 1082 N
1026 1019 1102 1083 onni
1119 1019 1340 1084 observandas

205 1127 266 1189 sibi
289 1127 472 1212 proposuit,
497 1147 580 1211 quae
605 1131 680 1188 sunt
704 1124 744 1187 de
769 1123 1058 1207 monosyllabis
1082 1125 1114 1186 in
1138 1125 1201 1188 line
1225 1145 1340 1188 versus

205 1229 410 1295 adhibendis.
474 1229 545 1293 Has
585 1229 674 1314 ipsas
717 1226 1037 1310 diligentissimorum
1076 1227 1340 1291 observationum

205 1333 325 1396 auxilio
364 1333 507 1396 Plewius
547 1330 601 1415 (cf.
632 1331 739 1395 annal.
772 1330 851 1415 phil.
885 1335 961 1392 tom.
991 1328 1098 1409 XCV,
1122 1352 1152 1415 p.
1174 1333 1236 1394 847
1256 1331 1341 1415 sqq.)

206 1436 396 1522 condidit).
442 1435 526 1500 Nam
550 1434 704 1514 Paulum,
734 1441 770 1497 ut
799 1433 849 1496 bis
882 1433 923 1496 ab
952 1434 1056 1496 altera
1079 1435 1153 1518 lege
1177 1434 1342 1515 abhorret,

204 1541 251 1602 ita
280 1542 415 1604 alteram
447 1540 549 1603 multo
580 1538 787 1622 angustiores
817 1537 850 1599 in
879 1537 959 1600 fines
992 1538 1178 1602 coercuisse
1203 1543 1340 1601 constat.
1409 1601 1414 1608 ,

204 1641 321 1727 Neque
346 1644 433 1707 enirn
458 1650 533 1706 anto
556 1638 819 1726 monosyllabum
842 1640 938 1703 finale
963 1639 1053 1702 aliud
1075 1641 1210 1704 verbum
1234 1641 1342 1726 posuit

204 1746 268 1808 nisi
291 1745 559 1818 choriambicum;
583 1742 745 1808 interdum
769 1764 843 1806 eum
862 1743 1053 1807 discessisse
1078 1744 1119 1807 ab
1143 1745 1204 1807 hac
1227 1745 1343 1828 regula

204 1849 237 1911 in
262 1849 506 1934 epigrammatis
530 1869 593 1911 non
616 1849 770 1910 miramur
793 1847 848 1930 (41.
872 1847 903 1910 V
920 1850 993 1928 226,
1012 1851 1040 1914 7.
1064 1851 1137 1928 274,
1153 1850 1182 1912 3.
1207 1850 1280 1928 288,
1298 1849 1340 1927 3).
1429 1831 1432 1838 ⁴

207 1955 317 2039 Atque
352 1961 428 2019 ante
455 1954 632 2040 particulas
662 1951 792 2036 quidem
814 1947 867 2030 δέ,
891 1944 963 2035 γάρ,
985 1949 1045 2033 μέν
1068 1951 1259 2036 saepissime
1283 1951 1341 2014 ad-

208 2059 334 2122 ioctivis
359 2063 416 2122 aut
429 2058 607 2145 participiis
625 2063 682 2120 aut
699 2055 922 2134 substantivis,
946 2061 1021 2118 ante
1039 2056 1243 2120 substantiva
1265 2076 1342 2118 vero

204 2162 291 2249 (φῶς
314 2162 391 2248 etc.)
416 2163 495 2226 solis
520 2161 688 2225 adiectivis
711 2159 828 2223 Nonno
851 2164 984 2222 auctore
1008 2180 1086 2222 usus
1111 2166 1171 2240 444,
1195 2180 1258 2223 uno
1283 2179 1341 2222 ex-

204 2275 300 2354 cepto
335 2268 506 2353 participio
539 2267 570 2350 (I
593 2270 632 2329 74
664 2261 817 2351 daxvpdoq
850 2259 959 2350 φλόξ).
1019 2264 1111 2328 Η444
1140 2265 1343 2329 substantiva

209 2378 297 2435 sunt:
308 2437 312 2446 ,
323 2367 416 2458 φλόξ,
440 2367 509 2456 χείρ
526 2372 623 2455 (haec
648 2370 746 2434 etiam
763 2367 849 2454 apud
865 2368 1016 2433 Nonnum
1033 2368 1230 2454 occurrunt),
1253 2364 1344 2446 πλάξ

209 2475 253 2561 (a.
271 2475 335 2561 37),
358 2476 429 2562 φῶς
453 2473 588 2560 (1191)),
612 2470 703 2561 φλέψ
726 2472 769 2559 (a.
786 2471 871 2556 124).

297 2596 438 2662 Obstant
470 2601 578 2661 autem
602 2595 711 2658 Nonni
736 2591 1093 2679 regulis'encliticae
1121 2593 1172 2657 bis
1198 2614 1217 2656 a
1241 2593 1344 2657 Paulo

209 2700 391 2782 adhibitae,
418 2700 452 2764 ΙΙ
470 2704 531 2763 525
556 2695 612 2763 σοι’
635 2705 668 2762 44
691 2720 720 2762 a.
748 2702 806 2762 150
830 2692 912 2773 norb
941 2699 1019 2782 quin
1047 2697 1147 2762 etiarn
1174 2699 1207 2760 in
1237 2699 1344 2783 priore

209 2826 306 2869 vorsu
330 2804 394 2867 duo
419 2802 640 2890 monosyllaba
668 2795 744 2886 (γάρ
768 2803 851 2882 σοι),
881 2801 913 2864 in
937 2801 1120 2886 posteriorc
1144 2822 1223 2864 vero
1247 2801 1343 2864 etiarn

208 2909 272 2971 tria
300 2900 400 2992 (alta
423 2902 461 2972 ad
485 2904 544 2989 μέν
567 2906 650 2983 που)
678 2911 892 2989 usurpantur;
924 2925 1020 2988 quam
1048 2904 1229 2967 clausulam
1258 2925 1344 2968 corn-

209 3013 356 3097 pluribus
383 3009 617 3094 monosyllabis
649 3009 769 3072 factam
799 3029 934 3092 prorsus
958 3007 1072 3071 vitavit
1093 3007 1279 3091 Nonnus2).
1303 3044 1344 3053 —

208 3115 352 3178 Easdem
374 3116 524 3179 licentias
548 3113 645 3178 ctiam
669 3114 702 3176 in
726 3112 970 3198 epigrammatis
987 3110 1288 3185 animadvertimus;
1312 3112 1344 3174 in

210 3241 261 3304 ep.
284 3219 315 3282 V
332 3222 440 3297 24l,5
464 3224 563 3303 poeta
587 3216 726 3280 eandem
750 3215 932 3278 clausulam
956 3207 1039 3278 ἀλλὰ
1061 3215 1099 3279 τὸ
1121 3211 1181 3297 μέν
1196 3238 1263 3279 που
1287 3215 1343 3278 ad-

209 3322 306 3402 misit,
321 3321 370 3385 bis
388 3321 433 3406 (V
450 3325 523 3399 264,
540 3324 570 3385 9.
595 3322 667 3399 268,
686 3321 717 3403 3)
735 3319 963 3404 monosyllaba
978 3312 1039 3404 γάρ
1054 3341 1122 3401 μοι.
1168 3317 1344 3382 Ε441444444

211 3433 320 3491 autern
336 3427 435 3490 hasco
451 3427 576 3489 inveni:
600 3419 654 3490 τοί
670 3423 715 3509 (V
728 3427 801 3504 274,
816 3426 859 3506 3),
881 3419 916 3488 τί
932 3423 1019 3507 (288,
1037 3425 1081 3507 3),
1104 3420 1141 3489 τέ
1156 3421 1217 3503 (Ἦ
1233 3423 1284 3502 81,
1304 3422 1344 3506 1).

297 3546 380 3612 Cum
403 3547 540 3612 Nonnus
565 3567 658 3610 usum
677 3546 852 3609 verborum
874 3545 907 3608 in
931 3547 1022 3609 exitu
1046 3545 1229 3610 hexametri
1257 3545 1344 3629 posi-

208 3655 315 3713 torum
358 3650 479 3734 regulis
515 3647 688 3712 admodum
718 3648 842 3711 severis
866 3647 1150 3728 circumcluderet,
1184 3649 1283 3711 ctiam
1313 3648 1346 3710 in

210 3755 397 3819 adhibendo
427 3755 656 3818 vocabulorum
687 3758 860 3816 accentu
893 3759 998 3816 ocrtas
1026 3752 1118 3836 leges
1143 3752 1183 3816 ab
1208 3752 1263 3814 illo
1287 3751 1344 3814 ob-

210 3865 358 3922 servatas
388 3879 462 3922 4444
491 3858 613 3944 primus
644 3856 807 3920 intellexit
828 3856 897 3940 ipse
921 3854 1131 3918 Ludwichius
1156 3854 1243 3939 (ann.
1267 3855 1345 3940 phil.

299 4063 378 4131 1)(11.
398 4062 483 4116 etiarn
502 4059 670 4115 Volkmann.
690 4059 707 4113 l.
727 4059 745 4113 1.
765 4077 791 4128 p.
812 4059 845 4112 12
865 4059 893 4112 et
911 4055 1052 4110 Ludwich.
1071 4056 1142 4112 Mus.
1161 4055 1212 4110 lih.
1233 4055 1345 4121 XXXV,

209 4167 236 4218 p.
254 4150 306 4204 500
319 4167 378 4227 sqq.
546 4181 548 4186 ·

298 4255 320 4322 ²)
339 4253 380 4308 of.
399 4251 541 4307 Ludwich.
561 4251 578 4304 l.
598 4251 615 4304 l.
635 4268 662 4319 p.
681 4250 733 4304 505
752 4251 781 4302 et
799 4249 883 4302 Plew.
901 4247 918 4300 l.
937 4247 955 4300 l.
974 4264 1002 4315 p.
1011 4247 1072 4300 851.
1093 4275 1124 4284 -
1144 4245 1263 4300 Plcwius
1282 4264 1344 4301 cum

210 4341 290 4394 Pauli
313 4341 383 4396 locis
409 4342 553 4408 comparat
581 4339 672 4406 Apoll.
695 4336 785 4391 Rhod.
805 4337 892 4389 1288:
917 4333 1000 4402 ἔξοχα
1018 4331 1073 4405 γάρ
1096 4351 1145 4402 μοι
1164 4336 1192 4386 44
1211 4335 1345 4400 Quintum

210 4428 318 4496 Smyrn.
338 4427 448 4482 111624.
466 4426 504 4479 lV
516 4427 562 4479 11:
583 4423 651 4478 atto
669 4423 703 4476 441
720 4424 774 4493 μέν
791 4441 852 4474 που.
