3224 4946
725 280 937 339 ..46-

260 457 324 530 est,
355 457 392 514 ut
419 451 572 515 bucolica
600 452 723 532 valeat,
756 457 830 528 aut,
859 449 890 512 id
918 449 1004 534 quod
1032 449 1084 513 bis
1116 451 1147 513 in
1178 450 1397 538 descriptione

261 553 293 637 (Ι
310 556 371 616 223
395 576 422 617 a.
441 553 513 638 86),
543 554 646 618 semel
673 554 706 616 iu
735 553 774 617 A.
797 552 834 616 Ρ.
859 551 904 634 (V
921 553 993 633 248,
1013 551 1047 636 5)
1077 552 1130 632 fit,
1159 554 1294 617 verbum
1323 554 1398 618 huic

261 656 355 741 pedis
372 657 431 721 IV.
457 677 612 721 caesurae
627 655 829 740 praecedens
847 655 1003 718 articulus
1025 649 1064 720 τό
1080 661 1131 720 est
1147 657 1309 720 artissime
1326 679 1398 722 cum

261 762 409 844 sequenti
432 761 621 841 cohaerens,
645 767 682 824 ut
705 759 975 844 semiseptenaria
998 759 1192 826 dominetur.
1237 761 1311 825 Duo
1336 763 1396 826 soli

260 885 373 928 versus
397 865 571 928 abhorrent
594 865 635 928 ab
660 864 721 927 hoc
745 885 817 943 usu,
842 883 977 947 quorum
1000 865 1140 927 alterum
1162 865 1197 928 Π
1214 869 1275 928 312
1294 888 1355 951 sq:

892 979 928 1046 ἐν
950 980 987 1047 dd
1007 977 1166 1048 actoriden

364 1080 530 1173 εὖρυτέρης
551 1081 638 1152 κατὰ
659 1081 756 1172 βαιὸν
778 1083 811 1163 ἐς
834 1077 905 1164 ὀξυ
928 1080 1127 1170 κόρυμβον
1150 1079 1284 1171 ἆνὲρπει

261 1210 325 1273 iam
348 1209 558 1274 Hermannus
582 1211 627 1274 ita
650 1209 851 1288 emendavit,
882 1215 918 1271 ut
947 1209 1010 1271 duo
1033 1208 1133 1272 verba
1157 1201 1212 1288 ὀξὺ
1236 1202 1399 1296 κόρυμβον

262 1313 294 1374 in
311 1334 409 1376 unum
433 1315 631 1377 contraxerit
649 1313 810 1377 similibus
822 1311 853 1374 N
856 1313 931 1376 onni
948 1319 1212 1397 sectatorumque
1230 1313 1398 1377 vocabulis

261 1416 359 1480 nixus
371 1418 405 1502 ¹).
430 1455 471 1464 —
498 1417 590 1481 Idem
614 1417 692 1481 lecit
713 1416 924 1480 Hermannus
954 1417 987 1478 in
1015 1417 1117 1480 altero
1146 1439 1241 1481 versu
1269 1417 1397 1482 11438:

261 1513 337 1585 οὐδὲ
362 1516 470 1586 Νότον
491 1519 665 1606 τρομέουσι
689 1517 745 1584 καὶ
769 1512 846 1606 ὀψὲ
869 1515 1015 1585 δύοντα
1038 1515 1182 1608 Βοώτην.
1248 1521 1313 1586 Sed
1337 1523 1398 1586 hoc

260 1624 331 1688 loco
356 1625 437 1688 nihil
457 1646 529 1688 esse
547 1623 738 1688 mutandum
754 1630 844 1709 puto,
860 1625 981 1709 quippe
998 1645 1061 1708 quo
1077 1625 1200 1688 Paulus
1217 1625 1398 1690 Homerum

260 1727 415 1791 imitetur.
462 1727 511 1790 uf.
536 1726 596 1790 Od.
619 1730 714 1792 2272
736 1724 793 1791 καὶ
817 1719 884 1812 ὀψὲ
906 1722 1025 1792 δύοντα
1048 1723 1198 1816 Βοώτην,
1229 1729 1314 1814 quod
1339 1729 1397 1792 he-

260 1832 458 1895 mistichium
482 1833 581 1896 etiam
604 1831 691 1916 apud
707 1830 876 1894 Musaeum
899 1831 932 1894 in
955 1853 984 1896 v.
1002 1833 1063 1894 213
1088 1833 1216 1916 legitur.
1262 1832 1398 1896 Homeri

263 1941 373 1999 autem
397 1936 579 1999 imitatione
602 1935 684 1998 haec
706 1935 841 1998 licentia
863 1935 942 1998 satis
968 1941 1156 1999 excusatur.

349 2040 427 2103 Plus
459 2039 645 2104 offensionis
672 2038 773 2102 habet
804 2038 843 2101 A.
869 2039 905 2104 P.
928 2037 960 2100 V
981 2041 1053 2117 262,
1076 2043 1105 2116 5,
1136 2038 1192 2102 ubi
1226 2038 1398 2102 verborum

265 2149 422 2206 contextu
436 2143 592 2228 cogimur,
608 2149 644 2205 ut
660 2141 734 2204 huic
748 2143 904 2205 caesurae
918 2142 983 2204 vim
995 2140 1156 2225 quandam
1171 2141 1398 2206 concedamus:

343 2241 474 2312 Ἵστοιοο
499 2244 555 2311 καὶ
580 2241 750 2325 σκοπίοζε,
773 2239 878 2330 μάτην
901 2243 937 2310 δὲ
959 2239 1017 2310 σὸν
1039 2233 1118 2332 ἦτορ
1142 2238 1302 2328 ἀμύσσου.

261 2350 334 2414 Hoc
363 2351 463 2435 igitur
492 2351 563 2414 loco
591 2351 694 2435 primo
724 2355 853 2434 poetam
884 2349 1187 2433 epigrammaticum
1210 2349 1398 2414 liberiorem

262 2453 552 2538 deprehendimus;
577 2475 640 2537 qua
663 2452 704 2515 de
727 2474 762 2516 re
786 2473 827 2515 ue
845 2452 1046 2530 miraremur,
1069 2451 1134 2514 iam
1159 2474 1257 2538 supra
1277 2455 1397 2516 monui.

352 2556 417 2620 Sed
445 2557 494 2620 his
524 2556 771 2640 exceptionibus
806 2577 869 2618 non
900 2555 1128 2639 prohibemur,
1160 2556 1235 2640 quin
1259 2556 1398 2620 Paulum

261 2681 327 2724 una
355 2681 428 2724 curn
451 2660 631 2723 Nonnianis
654 2659 747 2744 pedis
771 2659 829 2722 IV.
854 2680 1023 2722 caesuram
1046 2659 1149 2724 troch.
1174 2659 1295 2724 vitasse
1319 2682 1395 2724 con-

262 2762 442 2828 tendamus.

348 2867 377 2930 b.
414 2866 632 2932 ansurarum
654 2867 980 2945 masculinorum,
1008 2871 1045 2929 ut
1077 2865 1118 2929 ad
1142 2887 1198 2930 eas
1222 2873 1397 2948 transeam,

261 2977 327 3034 tres
345 2971 494 3055 insigues
518 2971 699 3036 hexametri
723 2972 814 3034 locos
835 2971 993 3050 obtinent,
1019 2971 1141 3034 scilicet
1164 2971 1399 3051 semiternaria,

262 3074 511 3158 semiquinaria,
543 3073 822 3158 semiseptenaria.
876 3071 929 3136 Ex
953 3073 1070 3136 ceteris
1094 3071 1187 3157 pedis
1211 3072 1236 3135 I.
1261 3093 1399 3138 caesura

260 3199 437 3261 numquam
466 3177 606 3262 primum
637 3176 881 3240 hemistichium
910 3175 1038 3252 incidit,
1073 3176 1136 3239 nisi
1166 3197 1238 3239 eam
1262 3178 1398 3240 aliarum

262 3301 470 3344 caesurarum
499 3281 622 3343 tutelae
652 3279 838 3352 sublevant3
870 3300 935 3342 uno
968 3299 1063 3342 versu
1094 3285 1247 3364 excepte,
1279 3281 1312 3344 in
1337 3303 1398 3367 quo

264 3383 398 3447 verbum
433 3406 493 3448 sex
521 3383 719 3468 syllabarum
743 3383 827 3446 hanc
851 3403 1021 3446 caesuram
1051 3384 1205 3466 sequitur,
1230 3405 1257 3448 a.
1284 3389 1323 3448 74
1347 3385 1399 3473 πῇ

263 3484 292 3550 d’
320 3478 622 3550 υπολεπτυνθεῖοο.
659 3523 700 3532 -
736 3484 901 3549 (laesurae
936 3505 1038 3550 masc.
1072 3485 1166 3571 pedis
1189 3486 1230 3549 V.
1266 3495 1399 3573 propter

263 3591 406 3654 vicinam
431 3595 487 3652 aut
510 3588 690 3651 buoolicam
715 3594 770 3652 aut
794 3609 963 3652 caesuram
988 3589 1089 3653 trech.
1113 3588 1155 3655 V.
1178 3611 1249 3654 raro
1273 3596 1398 3654 tantum

261 3691 390 3777 pondus
414 3690 575 3776 quoddam
601 3690 767 3764 tribuitur;
793 3691 982 3776 saepissime
1000 3692 1198 3756 antecedunt
1218 3694 1319 3758 verba
1342 3701 1399 3759 aut

262 3801 417 3880 quattuor
445 3800 502 3857 aut
526 3793 666 3877 quinque
690 3794 905 3878 syllabarum,
929 3815 1062 3878 perraro
1087 3802 1197 3860 autem
1221 3796 1400 3881 spondaica

262 3900 308 3984 (5)
334 3905 389 3964 aut
412 3898 620 3983 anapaestioa
644 3897 691 3982 (5)
715 3897 920 3983 vocabula2).
967 3897 1092 3982 Legem
1123 3899 1298 3985 aMeyero
1321 3923 1398 3965 ecn-

351 4123 370 4189 ²)
390 4121 429 4176 cf.
448 4118 614 4194 ὄξοκάρηνος
632 4122 707 4192 apud
725 4121 816 4191 ipsum
829 4123 908 4178 Paul.
928 4124 1025 4189 11400,
1044 4127 1095 4178 aut
1107 4125 1202 4179 Nonni
1215 4121 1399 4191 ὅξυκέλευθυς,

260 4201 417 4276 ὄξυέθειρος
435 4210 485 4262 auh
503 4205 671 4282 όξυκέροτος,
690 4204 826 4268 ὀξυόδους.

348 4312 372 4448 23)
387 4310 427 4364 cf.
447 4312 562 4378 Baumg.
582 4331 607 4380 p.
620 4313 660 4366 26.
680 4311 778 4365 Tiedk.
798 4330 843 4379 qu.
855 4313 946 4366 Nonn.
968 4314 1066 4381 specl
1085 4332 1111 4382 p.
1127 4315 1157 4367 16
1170 4331 1229 4381 sqq.
1250 4316 1278 4366 et
1296 4315 1399 4382 Meyer.

261 4413 289 4464 p.
304 4397 351 4449 101
373 4437 378 4450 .

1593 3479 1605 3498 1
