3252 4954
664 300 878 361 -19-

200 470 260 536 Pr.
286 469 520 556 Spitznerus
543 469 680 557 protulit
709 469 823 534 libello
846 469 1020 535 admodum
1047 491 1135 554 raro,
1165 490 1261 556 quem
1285 469 1335 533 in-

201 573 335 660 scripsit
378 575 606 640 obscmotioocs
645 573 775 637 criticae
807 573 981 638 mammeam
1007 579 1137 655 pomam
1168 575 1205 638 c'rc
1237 571 1339 638 Pocl‘

200 677 381 742 Silcnticrii
402 679 641 760 descmptionem
664 697 796 760 mayaco
818 676 965 743 ecclesiae
985 678 1130 761 (Ersart.
1155 680 1264 761 1823).

289 781 518 868 Compositum
551 783 649 867 igitur
684 789 735 846 est
770 781 833 846 hoc
865 781 961 846 Pauli
989 803 1121 848 carmen
1151 781 1192 846 de
1219 803 1339 867 magna
1380 811 1384 818 Δ

150 944 152 948 ,
201 887 259 950 illa
275 885 433 970 ecclesia,
456 887 547 950 cuius
572 885 613 950 de
637 885 844 950 restitutione
868 905 965 970 quam
987 886 1226 950 benemeritus
1250 890 1340 950 esset

202 990 273 1075 ipse
294 988 497 1055 Iustinianus
527 991 722 1076 imperator,
751 989 785 1053 in
813 989 918 1074 prima
946 989 1044 1054 huius
1074 991 1223 1076 opusculi
1245 995 1339 1075 parte

203 1094 424 1179 exposuimus.
470 1092 565 1167 Quae
595 1099 730 1180 propter
758 1094 876 1158 merita
903 1093 991 1157 haud
1020 1094 1224 1174 mirabimur,
1252 1091 1339 1177 quod

204 1197 342 1262 eandem
367 1195 484 1262 aedem
507 1196 733 1283 Procopius
758 1217 888 1282 quoque
907 1197 1060 1262 tractavit
1082 1197 1116 1260 in
1131 1197 1233 1278 libris,
1258 1217 1339 1282 quos

205 1300 400 1384 conscripsit
437 1299 478 1364 de
514 1299 672 1365 aedificiis
707 1321 727 1364 a
756 1299 936 1364 Iustiniana
971 1299 1147 1364 exstructis
1161 1297 1203 1383 ¹),
1235 1300 1340 1385 primo

204 1403 335 1488 quidem
354 1404 454 1468 totius
476 1405 583 1490 operis
600 1404 717 1490 capite.
752 1402 842 1476 Quos
859 1405 1055 1490 quicumque
1071 1403 1219 1489 quamvis
1236 1404 1341 1468 obiter

204 1507 402 1593 inspexerit,
426 1508 604 1594 praecipue
635 1508 832 1593 compositos
861 1527 933 1572 esse
962 1507 1003 1572 ad
1026 1507 1211 1593 augendam
1234 1508 1339 1593 impe·

203 1613 319 1676 ratoris
340 1612 487 1696 gloriam,
505 1612 615 1677 statim
634 1611 806 1696 intelleget
815 1610 852 1694 ²).
893 1611 1009 1698 Itaque
1023 1612 1099 1697 quia
1113 1611 1258 1697 aequalis
1273 1610 1342 1674 iere

203 1715 299 1778 Pauli
321 1716 426 1780 nostri
450 1715 685 1781 ansareensis
709 1716 765 1780 ille
789 1716 868 1798 fuit,
898 1715 1158 1781 necessitudines
1182 1713 1341 1800 quasdam

204 1819 289 1884 inter
302 1819 383 1882 duas
396 1819 470 1882 illas
487 1819 726 1906 descriptiones
743 1824 874 1884 exstare
890 1841 950 1906 per
966 1841 1001 1884 se
1018 1819 1190 1906 probabile
1202 1817 1341 1883 videtur.

206 1923 257 1988 De
273 1921 400 2008 quibus,
415 1923 605 2009 priusquam
621 1921 661 1987 ad
677 1923 784 2008 ipsum
801 1922 952 1986 carminis
968 1921 1099 1985 Paulini
1113 1927 1342 2006 argumentum

206 2027 424 2091 enarrandum
455 2026 643 2112 adgrediar,
675 2027 773 2112 paulo
802 2026 985 2090 accuratius
1016 2024 1212 2089 sententiam
1234 2045 1342 2089 meam

208 2130 354 2217 prolerre
378 2129 500 2196 licebit.
544 2129 629 2194 Nam
646 2150 842 2214 quamquam
866 2128 907 2193 de
929 2129 1000 2214 ipsa
1022 2127 1083 2192 hac
1105 2149 1141 2192 re
1164 2127 1229 2190 iam
1251 2133 1342 2192 recte

206 2234 384 2298 iudicatum
417 2239 469 2298 est
497 2255 517 2298 a
546 2232 739 2298 Kortuemio
766 2233 787 2297 l.
810 2233 830 2297 l.
861 2255 893 2319 p.
916 2231 966 2313 X,
1000 2237 1110 2297 tamen
1140 2230 1239 2296 etiam
1268 2230 1342 2294 dili-

209 2338 337 2422 gentius
369 2337 589 2423 comparanda
612 2358 684 2402 esse
706 2336 859 2422 Procopii
888 2343 922 2402 et
943 2336 1040 2401 Pauli
1063 2335 1165 2400 verba
1188 2334 1342 2419 equidem

208 2441 370 2507 existimo.
415 2441 561 2505 Primum
587 2441 686 2526 igitur
713 2439 807 2504 nobis
839 2440 1060 2525 quaerendum
1084 2445 1149 2522 est,
1181 2444 1256 2504 utra
1278 2438 1344 2503 utri

207 2545 381 2610 antecedat
403 2550 512 2610 aetate
536 2544 722 2631 descriptio.

295 2648 398 2714 Orsus
421 2649 599 2734 Procopius
630 2647 671 2713 ab
700 2647 858 2712 incendiis
886 2647 967 2726 illis,
1002 2646 1119 2732 quibus
1149 2646 1289 2711 ecclesia
1310 2645 1344 2710 in

210 2751 369 2817 seditione
385 2752 592 2816 Prasincrum
604 2752 753 2816 totafere
769 2751 803 2814 in
820 2751 946 2815 cineres
962 2739 1096 2814 redacta
1112 2755 1161 2814 est
1173 2748 1228 2836 (cf.
1245 2769 1344 2835 supra

206 2879 237 2943 p.
247 2857 291 2940 2),
309 2877 383 2920 cum
401 2855 484 2920 duos
498 2855 693 2921 architectos
706 2854 919 2920 Anthemium
932 2859 965 2918 et
975 2853 1146 2929 Isidorum,
1161 2854 1215 2939 qui
1228 2853 1343 2918 aedem

207 2959 313 3024 denuo
337 2964 577 3041 exstruxerant,
600 2963 670 3023 tum
693 2957 898 3045 imperatoris
921 2957 1025 3043 ipsius
1048 2962 1192 3021 mentem
1215 2955 1343 3020 eximiis

207 3069 302 3128 ornat
317 3064 481 3146 laudibus,
505 3065 580 3150 quia
595 3064 682 3128 viros
708 3063 767 3128 tali
782 3083 917 3127 munere
938 3068 1006 3126 tam
1021 3060 1157 3126 idoneos
1173 3061 1344 3147 delegerit.

207 3166 291 3230 Tum
306 3167 473 3252 ingentem
489 3168 604 3253 templi
620 3166 835 3248 altitudinem,
858 3165 945 3230 unde
962 3164 1045 3229 sicut
1067 3186 1109 3229 ex
1125 3167 1193 3230 alta
1209 3166 1344 3252 specula

206 3275 308 3336 totam
321 3271 436 3336 urbem
448 3271 622 3358 adspicias,
641 3277 675 3336 et
687 3277 799 3357 aptam
813 3269 1019 3334 latitudinem
1030 3269 1344 3356 longitudinemque,

211 3395 305 3459 quae,
329 3395 392 3459 qua
415 3375 479 3438 sint
500 3375 723 3461 proportione,
740 3374 860 3459 optime
878 3373 1039 3458 quadrent
1062 3373 1103 3438 ad
1125 3379 1229 3438 totum
1253 3372 1342 3437 aedi-

207 3477 332 3558 licium,
362 3482 394 3541 et
422 3478 588 3542 columnas
620 3477 654 3542 in
684 3477 756 3563 ipsa
785 3476 868 3542 aede
896 3477 1022 3562 positas
1054 3482 1088 3542 et
1110 3498 1247 3562 magnas
1270 3477 1343 3541 illas

208 3585 362 3666 quattuor
390 3581 474 3667 pilas
504 3580 673 3662 describit,
706 3581 824 3665 quibus
848 3581 953 3644 innixi
977 3585 1129 3666 quattuor
1152 3602 1246 3645 arcus
1269 3580 1343 3644 iun-

209 3685 361 3750 damenta
383 3687 565 3772 praebeant
597 3706 723 3750 summo
748 3685 850 3750 tholo.
894 3684 988 3749 Haec
1012 3687 1120 3750 omnia
1142 3707 1161 3750 a
1183 3683 1343 3768 Procopio

208 3790 359 3854 maximis
384 3788 535 3864 laudibus
553 3791 743 3856 efferuntur.
789 3787 905 3874 Neque
921 3809 1119 3874 quemquam
1143 3787 1236 3868 scire,
1260 3807 1344 3872 quae

208 3893 312 3978 prima
341 3895 581 3979 contempletur
611 3899 667 3958 aut
695 3914 779 3978 quae
810 3897 887 3956 ante
916 3897 1027 3956 cetera
1050 3890 1238 3956 admiretur.
1290 3889 1345 3954 Sic

209 3995 249 4060 de
272 3997 413 4081 pilarum
436 4001 609 4077 structura,
642 3995 682 4060 de
710 3994 898 4081 ligamentis
925 3993 1066 4079 pilarum
1096 3991 1221 4076 lapides
1245 4014 1344 4078 coag-

209 4101 441 4182 mentantibus,
457 4099 498 4165 de
515 4122 614 4166 aureo
629 4121 777 4167 camerae
790 4099 927 4184 fulgore,
945 4096 986 4161 de
1002 4117 1199 4161 marmorum
1215 4098 1345 4164 aemulo

209 4207 415 4216 *—

297 4272 318 4341 1)
337 4269 400 4344 περὶ
417 4272 577 4342 κτισμάτων
594 4271 660 4341 diti.
680 4288 696 4332 ς
714 4271 793 4340 (edit.
811 4269 899 4324 Bonn.
918 4267 973 4324 vol.
991 4267 1052 4334 ΠΙ).

296 4359 318 4428 2)
336 4358 396 4413 Hoc
428 4375 462 4414 ex
492 4359 556 4430 ipsa
582 4358 712 4428 Procopii
740 4356 916 4428 praefatione
943 4356 1009 4426 (vol.
1032 4353 1142 4410 111170
1160 4353 1231 4424 sqq.)
1260 4353 1345 4424 plane

209 4446 335 4514 apparet.

1154 4527 1192 4580 2*
