<?xml version="1.0" encoding="UTF-8"?>
<!DOCTYPE html PUBLIC "-//W3C//DTD XHTML 1.0 Transitional//EN"
    "http://www.w3.org/TR/xhtml1/DTD/xhtml1-transitional.dtd">
<html xmlns="http://www.w3.org/1999/xhtml" xml:lang="en" lang="en">
 <head>
  <title>
</title>
<meta http-equiv="Content-Type" content="text/html;charset=utf-8" />
  <meta name='ocr-system' content='tesseract 3.04.00' />
  <meta name='ocr-capabilities' content='ocr_page ocr_carea ocr_par ocr_line ocrx_word'/>
</head>
<body>
  <div class='ocr_page' id='page_1' title='image "./depaulosilentar00merigoog_0018.png"; bbox 0 0 3252 4954; ppageno 0'>
   <div class='ocr_carea' id='block_1_1' title="bbox 750 351 940 410">
    <p class='ocr_par' dir='ltr' id='par_1_1' title="bbox 750 351 940 410">
     <span class='ocr_line' id='line_1_1' title="bbox 750 351 940 410; baseline -0.011 -14"><span class='ocrx_word' id='word_1_1' title='bbox 750 351 940 410; x_wconf 75' lang='lat'>-5-</span> 
     </span>
    </p>
   </div>
   <div class='ocr_carea' id='block_1_2' title="bbox 274 515 1413 3818">
    <p class='ocr_par' dir='ltr' id='par_1_2' title="bbox 276 515 1411 918">
     <span class='ocr_line' id='line_1_2' title="bbox 276 515 1411 592; baseline 0.006 -13"><span class='ocrx_word' id='word_1_2' title='bbox 276 515 392 580; x_wconf 90' lang='lat' dir='ltr'>ardere</span> <span class='ocrx_word' id='word_1_3' title='bbox 433 516 596 580; x_wconf 83' lang='lat' dir='ltr'><strong>concludit</strong></span> <span class='ocrx_word' id='word_1_4' title='bbox 628 517 764 582; x_wconf 89' lang='lat' dir='ltr'>Paulus.</span> <span class='ocrx_word' id='word_1_5' title='bbox 821 517 928 592; x_wconf 80' lang='lat' dir='ltr'>Quid?</span> <span class='ocrx_word' id='word_1_6' title='bbox 961 520 1147 585; x_wconf 89' lang='lat' dir='ltr'>Leandrum</span> <span class='ocrx_word' id='word_1_7' title='bbox 1182 543 1289 585; x_wconf 86' lang='lat' dir='ltr'>nonno</span> <span class='ocrx_word' id='word_1_8' title='bbox 1323 528 1411 586; x_wconf 88' lang='lat' dir='ltr'>trans</span> 
     </span>
     <span class='ocr_line' id='line_1_3' title="bbox 276 621 573 685; baseline 0.003 -3"><span class='ocrx_word' id='word_1_9' title='bbox 276 641 364 684; x_wconf 90' lang='lat' dir='ltr'>mare</span> <span class='ocrx_word' id='word_1_10' title='bbox 388 621 573 685; x_wconf 80' lang='lat' dir='ltr'>natavisse?</span> 
     </span>
     <span class='ocr_line' id='line_1_4' title="bbox 408 721 1370 830; baseline 0.005 -40"><span class='ocrx_word' id='word_1_11' title='bbox 408 722 462 791; x_wconf 85' lang='grc' dir='ltr'>σοὶ</span> <span class='ocrx_word' id='word_1_12' title='bbox 486 723 531 804; x_wconf 80' lang='grc' dir='ltr'>δὲ,</span> <span class='ocrx_word' id='word_1_13' title='bbox 555 722 660 813; x_wconf 79' lang='grc' dir='ltr'><em>φίλος,</em></span> <span class='ocrx_word' id='word_1_14' title='bbox 684 723 829 812; x_wconf 79' lang='grc' dir='ltr'><strong><em>παρέασι</em></strong></span> <span class='ocrx_word' id='word_1_15' title='bbox 852 725 909 792; x_wconf 80' lang='grc' dir='ltr'>καὶ</span> <span class='ocrx_word' id='word_1_16' title='bbox 933 721 1090 808; x_wconf 77' lang='grc' dir='ltr'><em>ὁλκάδες·</em></span> <span class='ocrx_word' id='word_1_17' title='bbox 1108 722 1191 794; x_wconf 77' lang='grc' dir='ltr'><em>ἀλλὰ</em></span> <span class='ocrx_word' id='word_1_18' title='bbox 1213 727 1370 830; x_wconf 57' lang='grc' dir='ltr'><strong><em>ξαμίζεις</em></strong></span> 
     </span>
     <span class='ocr_line' id='line_1_5' title="bbox 509 822 1233 918; baseline 0.006 -24"><span class='ocrx_word' id='word_1_19' title='bbox 509 829 633 912; x_wconf 81' lang='grc' dir='ltr'><em>μᾶλλον</em></span> <span class='ocrx_word' id='word_1_20' title='bbox 653 822 826 918; x_wconf 72' lang='grc' dir='ltr'>Ἀθηναίῃ,</span> <span class='ocrx_word' id='word_1_21' title='bbox 850 825 982 918; x_wconf 79' lang='grc' dir='ltr'><em>Κύπριν</em></span> <span class='ocrx_word' id='word_1_22' title='bbox 1004 825 1233 916; x_wconf 77' lang='grc' dir='ltr'><em>ἀπωσάμενος.</em></span> 
     </span>
    </p>

    <p class='ocr_par' dir='ltr' id='par_1_3' title="bbox 276 925 1412 1743">
     <span class='ocr_line' id='line_1_6' title="bbox 364 925 1410 1022; baseline 0.006 -27"><span class='ocrx_word' id='word_1_23' title='bbox 364 932 520 1006; x_wconf 82' lang='lat' dir='ltr'>Quamvis</span> <span class='ocrx_word' id='word_1_24' title='bbox 544 933 651 996; x_wconf 91' lang='lat' dir='ltr'>minus</span> <span class='ocrx_word' id='word_1_25' title='bbox 676 933 827 1014; x_wconf 89' lang='lat' dir='ltr'>dilucida,</span> <span class='ocrx_word' id='word_1_26' title='bbox 854 925 965 1000; x_wconf 87' lang='lat' dir='ltr'>tamen</span> <span class='ocrx_word' id='word_1_27' title='bbox 988 936 1090 1000; x_wconf 91' lang='lat' dir='ltr'>altera</span> <span class='ocrx_word' id='word_1_28' title='bbox 1106 939 1285 1001; x_wconf 79' lang='lat' dir='ltr'>necessitas</span> <span class='ocrx_word' id='word_1_29' title='bbox 1311 959 1410 1022; x_wconf 89' lang='lat' dir='ltr'>quae-</span> 
     </span>
     <span class='ocr_line' id='line_1_7' title="bbox 277 1036 1409 1123; baseline 0.004 -23"><span class='ocrx_word' id='word_1_30' title='bbox 277 1037 351 1100; x_wconf 87' lang='lat' dir='ltr'>dam</span> <span class='ocrx_word' id='word_1_31' title='bbox 381 1038 542 1102; x_wconf 79' lang='lat' dir='ltr'>interesse</span> <span class='ocrx_word' id='word_1_32' title='bbox 569 1036 697 1100; x_wconf 88' lang='lat' dir='ltr'>vidctur</span> <span class='ocrx_word' id='word_1_33' title='bbox 723 1038 809 1102; x_wconf 90' lang='lat' dir='ltr'>inter</span> <span class='ocrx_word' id='word_1_34' title='bbox 835 1037 957 1123; x_wconf 85' lang='lat' dir='ltr'>Agath.</span> <span class='ocrx_word' id='word_1_35' title='bbox 979 1039 1010 1102; x_wconf 87' lang='lat' dir='ltr'>V</span> <span class='ocrx_word' id='word_1_36' title='bbox 1027 1042 1088 1104; x_wconf 81' lang='lat'>299</span> <span class='ocrx_word' id='word_1_37' title='bbox 1113 1047 1146 1105; x_wconf 89' lang='lat' dir='ltr'>et</span> <span class='ocrx_word' id='word_1_38' title='bbox 1175 1041 1267 1106; x_wconf 89' lang='lat' dir='ltr'>Paul.</span> <span class='ocrx_word' id='word_1_39' title='bbox 1291 1041 1322 1104; x_wconf 90' lang='lat' dir='ltr'>V</span> <span class='ocrx_word' id='word_1_40' title='bbox 1338 1044 1409 1105; x_wconf 86' lang='lat'>300.</span> 
     </span>
     <span class='ocr_line' id='line_1_8' title="bbox 278 1140 1410 1229; baseline 0.005 -26"><span class='ocrx_word' id='word_1_41' title='bbox 278 1141 422 1214; x_wconf 82' lang='lat' dir='ltr'>Quorum</span> <span class='ocrx_word' id='word_1_42' title='bbox 451 1141 484 1203; x_wconf 92' lang='lat' dir='ltr'>in</span> <span class='ocrx_word' id='word_1_43' title='bbox 507 1140 614 1226; x_wconf 91' lang='lat' dir='ltr'>priore</span> <span class='ocrx_word' id='word_1_44' title='bbox 640 1141 877 1226; x_wconf 86' lang='lat' dir='ltr'>epigrammate</span> <span class='ocrx_word' id='word_1_45' title='bbox 902 1142 1075 1208; x_wconf 88' lang='lat' dir='ltr'>confitetur</span> <span class='ocrx_word' id='word_1_46' title='bbox 1097 1144 1256 1229; x_wconf 85' lang='lat' dir='ltr'>Agathias</span> <span class='ocrx_word' id='word_1_47' title='bbox 1280 1145 1410 1209; x_wconf 92' lang='lat' dir='ltr'>laudato</span> 
     </span>
     <span class='ocr_line' id='line_1_9' title="bbox 276 1236 1412 1332; baseline 0.004 -25"><span class='ocrx_word' id='word_1_48' title='bbox 276 1244 446 1330; x_wconf 89' lang='lat' dir='ltr'>proverbio</span> <span class='ocrx_word' id='word_1_49' title='bbox 469 1241 569 1330; x_wconf 80' lang='grc' dir='ltr'><strong><em>μηδὲν</em></strong></span> <span class='ocrx_word' id='word_1_50' title='bbox 592 1236 674 1328; x_wconf 76' lang='grc' dir='ltr'>δγαν</span> <span class='ocrx_word' id='word_1_51' title='bbox 697 1265 732 1308; x_wconf 91' lang='lat' dir='ltr'>se</span> <span class='ocrx_word' id='word_1_52' title='bbox 757 1250 854 1309; x_wconf 90' lang='lat' dir='ltr'>antea</span> <span class='ocrx_word' id='word_1_53' title='bbox 878 1247 1051 1331; x_wconf 88' lang='lat' dir='ltr'>superbius</span> <span class='ocrx_word' id='word_1_54' title='bbox 1075 1269 1110 1311; x_wconf 90' lang='lat' dir='ltr'>se</span> <span class='ocrx_word' id='word_1_55' title='bbox 1133 1249 1275 1332; x_wconf 87' lang='lat' dir='ltr'>gessisse</span> <span class='ocrx_word' id='word_1_56' title='bbox 1300 1254 1412 1312; x_wconf 89' lang='lat' dir='ltr'>contra</span> 
     </span>
     <span class='ocr_line' id='line_1_10' title="bbox 276 1348 1411 1437; baseline 0.003 -26"><span class='ocrx_word' id='word_1_57' title='bbox 276 1348 430 1433; x_wconf 83' lang='lat' dir='ltr'>puellam,</span> <span class='ocrx_word' id='word_1_58' title='bbox 447 1353 524 1411; x_wconf 92' lang='lat' dir='ltr'>tunc</span> <span class='ocrx_word' id='word_1_59' title='bbox 541 1353 661 1428; x_wconf 80' lang='lat' dir='ltr'>autern,</span> <span class='ocrx_word' id='word_1_60' title='bbox 687 1367 759 1411; x_wconf 91' lang='lat' dir='ltr'>cum</span> <span class='ocrx_word' id='word_1_61' title='bbox 775 1348 832 1412; x_wconf 90' lang='lat' dir='ltr'>illa</span> <span class='ocrx_word' id='word_1_62' title='bbox 848 1348 963 1412; x_wconf 91' lang='lat' dir='ltr'>eadem</span> <span class='ocrx_word' id='word_1_63' title='bbox 988 1351 1031 1414; x_wconf 87' lang='lat' dir='ltr'>sit</span> <span class='ocrx_word' id='word_1_64' title='bbox 1047 1353 1211 1436; x_wconf 82' lang='lat' dir='ltr'>superbia,</span> <span class='ocrx_word' id='word_1_65' title='bbox 1229 1352 1411 1437; x_wconf 85' lang='lat' dir='ltr'>supplicem</span> 
     </span>
     <span class='ocr_line' id='line_1_11' title="bbox 280 1451 1408 1536; baseline 0.004 -23"><span class='ocrx_word' id='word_1_66' title='bbox 280 1472 369 1531; x_wconf 90' lang='lat' dir='ltr'>eam,</span> <span class='ocrx_word' id='word_1_67' title='bbox 397 1457 433 1514; x_wconf 86' lang='lat' dir='ltr'>ut</span> <span class='ocrx_word' id='word_1_68' title='bbox 464 1451 626 1536; x_wconf 75' lang='lat' dir='ltr'>ignoscat,</span> <span class='ocrx_word' id='word_1_69' title='bbox 658 1472 693 1515; x_wconf 90' lang='lat' dir='ltr'>se</span> <span class='ocrx_word' id='word_1_70' title='bbox 723 1472 816 1516; x_wconf 91' lang='lat' dir='ltr'>orare</span> <span class='ocrx_word' id='word_1_71' title='bbox 850 1457 948 1536; x_wconf 89' lang='lat' dir='ltr'>atque</span> <span class='ocrx_word' id='word_1_72' title='bbox 976 1453 1161 1518; x_wconf 87' lang='lat' dir='ltr'>obsecrare.</span> <span class='ocrx_word' id='word_1_73' title='bbox 1211 1453 1337 1519; x_wconf 84' lang='lat' dir='ltr'>Eadem</span> <span class='ocrx_word' id='word_1_74' title='bbox 1368 1455 1408 1518; x_wconf 88' lang='lat' dir='ltr'>de</span> 
     </span>
     <span class='ocr_line' id='line_1_12' title="bbox 277 1553 1410 1643; baseline 0.004 -25"><span class='ocrx_word' id='word_1_75' title='bbox 277 1559 422 1618; x_wconf 87' lang='lat' dir='ltr'>amatore</span> <span class='ocrx_word' id='word_1_76' title='bbox 446 1553 585 1637; x_wconf 91' lang='lat' dir='ltr'>quodam</span> <span class='ocrx_word' id='word_1_77' title='bbox 608 1553 731 1618; x_wconf 92' lang='lat' dir='ltr'>Paulus</span> <span class='ocrx_word' id='word_1_78' title='bbox 757 1553 801 1638; x_wconf 85' lang='lat' dir='ltr'>(V</span> <span class='ocrx_word' id='word_1_79' title='bbox 818 1557 894 1636; x_wconf 84' lang='lat'>300)</span> <span class='ocrx_word' id='word_1_80' title='bbox 918 1561 1038 1637; x_wconf 84' lang='lat' dir='ltr'>narrat,</span> <span class='ocrx_word' id='word_1_81' title='bbox 1062 1557 1096 1620; x_wconf 93' lang='lat' dir='ltr'>in</span> <span class='ocrx_word' id='word_1_82' title='bbox 1119 1557 1183 1621; x_wconf 92' lang='lat' dir='ltr'>fine</span> <span class='ocrx_word' id='word_1_83' title='bbox 1208 1564 1316 1622; x_wconf 90' lang='lat' dir='ltr'>autem</span> <span class='ocrx_word' id='word_1_84' title='bbox 1340 1560 1410 1643; x_wconf 90' lang='lat' dir='ltr'>epi-</span> 
     </span>
     <span class='ocr_line' id='line_1_13' title="bbox 278 1656 1057 1743; baseline 0.003 -23"><span class='ocrx_word' id='word_1_85' title='bbox 278 1657 467 1742; x_wconf 84' lang='lat' dir='ltr'>grammatis</span> <span class='ocrx_word' id='word_1_86' title='bbox 491 1657 573 1720; x_wconf 89' lang='lat' dir='ltr'>haec</span> <span class='ocrx_word' id='word_1_87' title='bbox 597 1678 616 1720; x_wconf 90' lang='lat' dir='ltr'>a</span> <span class='ocrx_word' id='word_1_88' title='bbox 639 1657 750 1742; x_wconf 88' lang='lat' dir='ltr'>puella</span> <span class='ocrx_word' id='word_1_89' title='bbox 772 1658 857 1741; x_wconf 83' lang='lat' dir='ltr'>petit</span> <span class='ocrx_word' id='word_1_90' title='bbox 881 1658 923 1742; x_wconf 89' lang='lat' dir='ltr'>(v.</span> <span class='ocrx_word' id='word_1_91' title='bbox 944 1661 961 1720; x_wconf 84' lang='lat'><strong>7</strong></span> <span class='ocrx_word' id='word_1_92' title='bbox 981 1656 1057 1743; x_wconf 87' lang='lat' dir='ltr'>sq.):</span> 
     </span>
    </p>

    <p class='ocr_par' dir='ltr' id='par_1_4' title="bbox 408 1755 1324 1950">
     <span class='ocr_line' id='line_1_14' title="bbox 408 1755 1324 1846; baseline 0.008 -23"><span class='ocrx_word' id='word_1_93' title='bbox 408 1755 561 1846; x_wconf 75' lang='grc' dir='ltr'><em>Πάρθενε</em></span> <span class='ocrx_word' id='word_1_94' title='bbox 584 1757 799 1843; x_wconf 77' lang='grc' dir='ltr'><strong><em>θαμολέαινα,</em></strong></span> <span class='ocrx_word' id='word_1_95' title='bbox 822 1758 877 1825; x_wconf 81' lang='grc' dir='ltr'>καὶ</span> <span class='ocrx_word' id='word_1_96' title='bbox 903 1757 933 1826; x_wconf 84' lang='grc' dir='ltr'>εἰ</span> <span class='ocrx_word' id='word_1_97' title='bbox 954 1757 1049 1842; x_wconf 83' lang='grc' dir='ltr'><em>χόλον</em></span> <span class='ocrx_word' id='word_1_98' title='bbox 1071 1758 1195 1829; x_wconf 74' lang='grc' dir='ltr'><em>ἔνδικον</em></span> <span class='ocrx_word' id='word_1_99' title='bbox 1218 1757 1324 1845; x_wconf 66' lang='lat' dir='ltr'>aidan,</span> 
     </span>
     <span class='ocr_line' id='line_1_15' title="bbox 493 1855 1234 1950; baseline 0.008 -23"><span class='ocrx_word' id='word_1_100' title='bbox 493 1860 631 1948; x_wconf 72' lang='grc' dir='ltr'><strong><em>σβέσσον</em></strong></span> <span class='ocrx_word' id='word_1_101' title='bbox 654 1855 825 1950; x_wconf 75' lang='grc' dir='ltr'><strong><em>ἀμμορίην</em></strong></span> <span class='ocrx_word' id='word_1_102' title='bbox 849 1884 856 1898; x_wconf 94' lang='grc'><em>·</em></span> <span class='ocrx_word' id='word_1_103' title='bbox 880 1859 971 1950; x_wconf 75' lang='grc' dir='ltr'>ἕμγδς</span> <span class='ocrx_word' id='word_1_104' title='bbox 992 1859 1060 1944; x_wconf 78' lang='grc' dir='ltr'><em>ἴδες</em></span> <span class='ocrx_word' id='word_1_105' title='bbox 1083 1864 1234 1950; x_wconf 83' lang='grc' dir='ltr'><strong><em>Νέμεσιν.</em></strong></span> 
     </span>
    </p>

    <p class='ocr_par' dir='ltr' id='par_1_5' title="bbox 274 1966 1413 3504">
     <span class='ocr_line' id='line_1_16' title="bbox 363 1966 1410 2057; baseline 0.006 -27"><span class='ocrx_word' id='word_1_106' title='bbox 363 1967 502 2031; x_wconf 80' lang='lat' dir='ltr'>Accedit</span> <span class='ocrx_word' id='word_1_107' title='bbox 526 1966 566 2030; x_wconf 91' lang='lat' dir='ltr'>ad</span> <span class='ocrx_word' id='word_1_108' title='bbox 591 1967 850 2051; x_wconf 86' lang='lat' dir='ltr'>cognoscendam</span> <span class='ocrx_word' id='word_1_109' title='bbox 875 1969 1050 2032; x_wconf 88' lang='lat' dir='ltr'>amicitiam</span> <span class='ocrx_word' id='word_1_110' title='bbox 1073 1971 1200 2033; x_wconf 91' lang='lat' dir='ltr'>illorum</span> <span class='ocrx_word' id='word_1_111' title='bbox 1221 1972 1410 2057; x_wconf 90' lang='lat' dir='ltr'>scriptorum</span> 
     </span>
     <span class='ocr_line' id='line_1_17' title="bbox 277 2070 1410 2158; baseline 0.005 -24"><span class='ocrx_word' id='word_1_112' title='bbox 277 2071 532 2156; x_wconf 85' lang='lat' dir='ltr'>Byzantinorum</span> <span class='ocrx_word' id='word_1_113' title='bbox 555 2070 777 2155; x_wconf 86' lang='lat' dir='ltr'>Anthologiae</span> <span class='ocrx_word' id='word_1_114' title='bbox 802 2073 1002 2156; x_wconf 87' lang='lat' dir='ltr'>epigramma</span> <span class='ocrx_word' id='word_1_115' title='bbox 1024 2072 1175 2153; x_wconf 74' lang='lat' dir='ltr'>virosa,</span> <span class='ocrx_word' id='word_1_116' title='bbox 1200 2096 1263 2158; x_wconf 94' lang='lat' dir='ltr'>quo</span> <span class='ocrx_word' id='word_1_117' title='bbox 1287 2075 1410 2140; x_wconf 91' lang='lat' dir='ltr'>Paulus</span> 
     </span>
     <span class='ocr_line' id='line_1_18' title="bbox 276 2175 1411 2263; baseline 0.005 -25"><span class='ocrx_word' id='word_1_118' title='bbox 276 2181 404 2238; x_wconf 90' lang='lat' dir='ltr'>mortuo</span> <span class='ocrx_word' id='word_1_119' title='bbox 421 2175 629 2256; x_wconf 78' lang='lat' dir='ltr'>Demochari,</span> <span class='ocrx_word' id='word_1_120' title='bbox 646 2176 860 2260; x_wconf 86' lang='lat' dir='ltr'>grammatico</span> <span class='ocrx_word' id='word_1_121' title='bbox 883 2181 915 2238; x_wconf 88' lang='lat' dir='ltr'>et</span> <span class='ocrx_word' id='word_1_122' title='bbox 931 2181 1060 2260; x_wconf 80' lang='lat' dir='ltr'>poetae,</span> <span class='ocrx_word' id='word_1_123' title='bbox 1084 2178 1177 2260; x_wconf 89' lang='lat' dir='ltr'>quasi</span> <span class='ocrx_word' id='word_1_124' title='bbox 1194 2180 1411 2263; x_wconf 87' lang='lat' dir='ltr'>sepulcralem</span> 
     </span>
     <span class='ocr_line' id='line_1_19' title="bbox 276 2279 1411 2364; baseline 0.004 -22"><span class='ocrx_word' id='word_1_125' title='bbox 276 2279 521 2364; x_wconf 86' lang='lat' dir='ltr'>inscriptionem</span> <span class='ocrx_word' id='word_1_126' title='bbox 539 2279 730 2364; x_wconf 89' lang='lat' dir='ltr'>composuit.</span> <span class='ocrx_word' id='word_1_127' title='bbox 775 2279 873 2344; x_wconf 91' lang='lat' dir='ltr'>Hunc</span> <span class='ocrx_word' id='word_1_128' title='bbox 890 2279 1110 2344; x_wconf 89' lang='lat' dir='ltr'>Damccharin</span> <span class='ocrx_word' id='word_1_129' title='bbox 1126 2281 1265 2346; x_wconf 90' lang='lat' dir='ltr'>amicum</span> <span class='ocrx_word' id='word_1_130' title='bbox 1290 2289 1322 2346; x_wconf 92' lang='lat' dir='ltr'>et</span> <span class='ocrx_word' id='word_1_131' title='bbox 1345 2283 1411 2346; x_wconf 90' lang='lat' dir='ltr'>dis-</span> 
     </span>
     <span class='ocr_line' id='line_1_20' title="bbox 276 2381 1413 2470; baseline 0.003 -23"><span class='ocrx_word' id='word_1_132' title='bbox 276 2385 418 2468; x_wconf 89' lang='lat' dir='ltr'>cipulum</span> <span class='ocrx_word' id='word_1_133' title='bbox 450 2383 551 2446; x_wconf 83' lang='lat' dir='ltr'>fuisse</span> <span class='ocrx_word' id='word_1_134' title='bbox 586 2381 766 2466; x_wconf 76' lang='lat' dir='ltr'>Agathiae‚</span> <span class='ocrx_word' id='word_1_135' title='bbox 800 2383 855 2468; x_wconf 91' lang='lat' dir='ltr'>qui</span> <span class='ocrx_word' id='word_1_136' title='bbox 889 2383 1070 2447; x_wconf 88' lang='lat' dir='ltr'>causidicus</span> <span class='ocrx_word' id='word_1_137' title='bbox 1102 2406 1222 2470; x_wconf 86' lang='lat' dir='ltr'>magna</span> <span class='ocrx_word' id='word_1_138' title='bbox 1252 2408 1331 2450; x_wconf 91' lang='lat' dir='ltr'>usus</span> <span class='ocrx_word' id='word_1_139' title='bbox 1363 2394 1413 2452; x_wconf 89' lang='lat' dir='ltr'>est</span> 
     </span>
     <span class='ocr_line' id='line_1_21' title="bbox 276 2483 1413 2573; baseline 0.003 -23"><span class='ocrx_word' id='word_1_140' title='bbox 276 2487 481 2566; x_wconf 88' lang='lat' dir='ltr'>auctoritate,</span> <span class='ocrx_word' id='word_1_141' title='bbox 500 2507 542 2550; x_wconf 84' lang='lat' dir='ltr'>ex</span> <span class='ocrx_word' id='word_1_142' title='bbox 559 2488 711 2550; x_wconf 82' lang='lat' dir='ltr'>lemmate</span> <span class='ocrx_word' id='word_1_143' title='bbox 730 2493 763 2551; x_wconf 92' lang='lat' dir='ltr'>et</span> <span class='ocrx_word' id='word_1_144' title='bbox 779 2487 875 2550; x_wconf 87' lang='lat' dir='ltr'>huius</span> <span class='ocrx_word' id='word_1_145' title='bbox 896 2488 1047 2551; x_wconf 89' lang='lat' dir='ltr'>carminis</span> <span class='ocrx_word' id='word_1_146' title='bbox 1066 2483 1127 2572; x_wconf 84' lang='grc' dir='ltr'><strong>(εἷς</strong></span> <span class='ocrx_word' id='word_1_147' title='bbox 1142 2483 1334 2573; x_wconf 84' lang='grc' dir='ltr'><strong><em>Λαμόχαριν</em></strong></span> <span class='ocrx_word' id='word_1_148' title='bbox 1356 2485 1413 2556; x_wconf 79' lang='grc' dir='ltr'>τὸν</span> 
     </span>
     <span class='ocr_line' id='line_1_22' title="bbox 277 2583 1413 2678; baseline 0.004 -25"><span class='ocrx_word' id='word_1_149' title='bbox 277 2583 504 2674; x_wconf 76' lang='grc' dir='ltr'><strong><em>γραμματικὸν</em></strong></span> <span class='ocrx_word' id='word_1_150' title='bbox 525 2583 581 2654; x_wconf 80' lang='grc' dir='ltr'>τὸν</span> <span class='ocrx_word' id='word_1_151' title='bbox 596 2589 702 2676; x_wconf 76' lang='grc' dir='ltr'><em>Κῷον,</em></span> <span class='ocrx_word' id='word_1_152' title='bbox 726 2589 782 2654; x_wconf 83' lang='grc' dir='ltr'>τὸν</span> <span class='ocrx_word' id='word_1_153' title='bbox 805 2584 902 2676; x_wconf 83' lang='grc' dir='ltr'><em>φίλον</em></span> <span class='ocrx_word' id='word_1_154' title='bbox 924 2587 981 2654; x_wconf 81' lang='grc' dir='ltr'>καὶ</span> <span class='ocrx_word' id='word_1_155' title='bbox 1004 2585 1160 2678; x_wconf 73' lang='grc' dir='ltr'><strong><em>μαθητὴν</em></strong></span> <span class='ocrx_word' id='word_1_156' title='bbox 1177 2584 1355 2678; x_wconf 52' lang='lat' dir='ltr'>Maedica)</span> <span class='ocrx_word' id='word_1_157' title='bbox 1380 2600 1413 2658; x_wconf 87' lang='lat' dir='ltr'>ct</span> 
     </span>
     <span class='ocr_line' id='line_1_23' title="bbox 279 2693 1413 2781; baseline 0.004 -25"><span class='ocrx_word' id='word_1_158' title='bbox 279 2715 329 2778; x_wconf 91' lang='lat' dir='ltr'>ep.</span> <span class='ocrx_word' id='word_1_159' title='bbox 354 2693 498 2756; x_wconf 78' lang='lat' dir='ltr'>vllroc</span> <span class='ocrx_word' id='word_1_160' title='bbox 529 2695 607 2757; x_wconf 90' lang='lat' dir='ltr'>satis</span> <span class='ocrx_word' id='word_1_161' title='bbox 638 2695 758 2774; x_wconf 74' lang='lat' dir='ltr'>elucet,</span> <span class='ocrx_word' id='word_1_162' title='bbox 790 2714 853 2778; x_wconf 92' lang='lat' dir='ltr'>quo</span> <span class='ocrx_word' id='word_1_163' title='bbox 877 2701 1014 2758; x_wconf 85' lang='lat' dir='ltr'>mortem</span> <span class='ocrx_word' id='word_1_164' title='bbox 1037 2695 1180 2780; x_wconf 92' lang='lat' dir='ltr'>perdicis</span> <span class='ocrx_word' id='word_1_165' title='bbox 1205 2699 1413 2781; x_wconf 89' lang='lat' dir='ltr'>conqueritur</span> 
     </span>
     <span class='ocr_line' id='line_1_24' title="bbox 278 2793 1412 2888; baseline 0.004 -29"><span class='ocrx_word' id='word_1_166' title='bbox 278 2796 507 2876; x_wconf 85' lang='lat' dir='ltr'>Damccharis‚</span> <span class='ocrx_word' id='word_1_167' title='bbox 531 2797 614 2860; x_wconf 88' lang='lat' dir='ltr'>sicut</span> <span class='ocrx_word' id='word_1_168' title='bbox 635 2798 705 2882; x_wconf 92' lang='lat' dir='ltr'>ipse</span> <span class='ocrx_word' id='word_1_169' title='bbox 726 2797 887 2882; x_wconf 86' lang='lat' dir='ltr'>Agathias</span> <span class='ocrx_word' id='word_1_170' title='bbox 903 2797 970 2861; x_wconf 89' lang='lat' dir='ltr'>VII</span> <span class='ocrx_word' id='word_1_171' title='bbox 984 2801 1055 2862; x_wconf 80' lang='lat'><strong>204.</strong></span> <span class='ocrx_word' id='word_1_172' title='bbox 1074 2802 1135 2862; x_wconf 78' lang='lat'>205</span> <span class='ocrx_word' id='word_1_173' title='bbox 1158 2795 1219 2884; x_wconf 80' lang='grc' dir='ltr'>(εἷς</span> <span class='ocrx_word' id='word_1_174' title='bbox 1237 2795 1296 2888; x_wconf 75' lang='grc' dir='ltr'>τὴν</span> <span class='ocrx_word' id='word_1_175' title='bbox 1312 2793 1412 2888; x_wconf 77' lang='grc' dir='ltr'><strong><em>αὐτὴν</em></strong></span> 
     </span>
     <span class='ocr_line' id='line_1_25' title="bbox 278 2895 1411 2990; baseline 0.003 -26"><span class='ocrx_word' id='word_1_176' title='bbox 278 2897 433 2986; x_wconf 79' lang='grc' dir='ltr'><em>πέρδικα,</em></span> <span class='ocrx_word' id='word_1_177' title='bbox 464 2895 696 2985; x_wconf 81' lang='grc' dir='ltr'><strong><em>Δαμοχάριδος</em></strong></span> <span class='ocrx_word' id='word_1_178' title='bbox 718 2901 945 2986; x_wconf 79' lang='grc' dir='ltr'><strong><em>γραμματικοῦ</em></strong></span> <span class='ocrx_word' id='word_1_179' title='bbox 967 2899 1024 2966; x_wconf 76' lang='grc' dir='ltr'>καὶ</span> <span class='ocrx_word' id='word_1_180' title='bbox 1051 2904 1207 2990; x_wconf 75' lang='grc' dir='ltr'><strong><em>μαθητοῦ</em></strong></span> <span class='ocrx_word' id='word_1_181' title='bbox 1236 2896 1337 2970; x_wconf 76' lang='grc' dir='ltr'><strong><em>αὐτοῦ</em></strong></span> <span class='ocrx_word' id='word_1_182' title='bbox 1367 2927 1411 2968; x_wconf 87' lang='lat' dir='ltr'>sc.</span> 
     </span>
     <span class='ocr_line' id='line_1_26' title="bbox 274 2995 1412 3089; baseline 0.004 -23"><span class='ocrx_word' id='word_1_183' title='bbox 274 2995 466 3089; x_wconf 73' lang='grc' dir='ltr'><strong><em>Ἀγαθίου).</em></strong></span> <span class='ocrx_word' id='word_1_184' title='bbox 518 3003 641 3077; x_wconf 81' lang='lat' dir='ltr'>Quodsi</span> <span class='ocrx_word' id='word_1_185' title='bbox 669 3026 711 3068; x_wconf 81' lang='lat' dir='ltr'>ex</span> <span class='ocrx_word' id='word_1_186' title='bbox 738 3005 789 3068; x_wconf 91' lang='lat' dir='ltr'>his</span> <span class='ocrx_word' id='word_1_187' title='bbox 818 3025 945 3088; x_wconf 92' lang='lat' dir='ltr'>quoque</span> <span class='ocrx_word' id='word_1_188' title='bbox 968 3005 1077 3068; x_wconf 89' lang='lat' dir='ltr'>verbis</span> <span class='ocrx_word' id='word_1_189' title='bbox 1103 3007 1238 3072; x_wconf 89' lang='lat' dir='ltr'>sinceris</span> <span class='ocrx_word' id='word_1_190' title='bbox 1261 3009 1294 3070; x_wconf 93' lang='lat' dir='ltr'>in</span> <span class='ocrx_word' id='word_1_191' title='bbox 1318 3007 1412 3071; x_wconf 88' lang='lat' dir='ltr'>disci-</span> 
     </span>
     <span class='ocr_line' id='line_1_27' title="bbox 278 3107 1411 3195; baseline 0.004 -25"><span class='ocrx_word' id='word_1_192' title='bbox 278 3109 390 3193; x_wconf 91' lang='lat' dir='ltr'>pulum</span> <span class='ocrx_word' id='word_1_193' title='bbox 407 3108 570 3192; x_wconf 87' lang='lat' dir='ltr'>Agathiae</span> <span class='ocrx_word' id='word_1_194' title='bbox 595 3109 725 3195; x_wconf 85' lang='lat' dir='ltr'>scriptis</span> <span class='ocrx_word' id='word_1_195' title='bbox 742 3107 1011 3172; x_wconf 87' lang='lat' dir='ltr'>consuetudinem</span> <span class='ocrx_word' id='word_1_196' title='bbox 1028 3108 1201 3173; x_wconf 89' lang='lat' dir='ltr'>admodum</span> <span class='ocrx_word' id='word_1_197' title='bbox 1218 3111 1411 3176; x_wconf 85' lang='lat' dir='ltr'>familiarem</span> 
     </span>
     <span class='ocr_line' id='line_1_28' title="bbox 279 3211 1413 3296; baseline 0.004 -23"><span class='ocrx_word' id='word_1_198' title='bbox 279 3211 383 3274; x_wconf 89' lang='lat' dir='ltr'>Paulo</span> <span class='ocrx_word' id='word_1_199' title='bbox 412 3212 513 3276; x_wconf 88' lang='lat' dir='ltr'>fuisse</span> <span class='ocrx_word' id='word_1_200' title='bbox 544 3233 616 3276; x_wconf 90' lang='lat' dir='ltr'>cum</span> <span class='ocrx_word' id='word_1_201' title='bbox 647 3211 791 3296; x_wconf 87' lang='lat' dir='ltr'>Agathia</span> <span class='ocrx_word' id='word_1_202' title='bbox 819 3211 1030 3293; x_wconf 84' lang='lat' dir='ltr'>concludam,</span> <span class='ocrx_word' id='word_1_203' title='bbox 1060 3213 1147 3277; x_wconf 90' lang='lat' dir='ltr'>haud</span> <span class='ocrx_word' id='word_1_204' title='bbox 1177 3236 1304 3279; x_wconf 88' lang='lat' dir='ltr'>errasse</span> <span class='ocrx_word' id='word_1_205' title='bbox 1333 3216 1413 3278; x_wconf 90' lang='lat' dir='ltr'>mihi</span> 
     </span>
     <span class='ocr_line' id='line_1_29' title="bbox 278 3313 1412 3401; baseline 0.004 -23"><span class='ocrx_word' id='word_1_206' title='bbox 278 3313 400 3380; x_wconf 90' lang='lat' dir='ltr'>videor.</span> <span class='ocrx_word' id='word_1_207' title='bbox 434 3315 478 3378; x_wconf 78' lang='lat' dir='ltr'>Et</span> <span class='ocrx_word' id='word_1_208' title='bbox 491 3315 721 3400; x_wconf 89' lang='lat' dir='ltr'>comprobatur</span> <span class='ocrx_word' id='word_1_209' title='bbox 736 3314 818 3378; x_wconf 91' lang='lat' dir='ltr'>haec</span> <span class='ocrx_word' id='word_1_210' title='bbox 835 3315 944 3400; x_wconf 91' lang='lat' dir='ltr'>opinio</span> <span class='ocrx_word' id='word_1_211' title='bbox 961 3317 1033 3380; x_wconf 91' lang='lat' dir='ltr'>locc</span> <span class='ocrx_word' id='word_1_212' title='bbox 1051 3317 1191 3401; x_wconf 91' lang='lat' dir='ltr'>quodam</span> <span class='ocrx_word' id='word_1_213' title='bbox 1203 3317 1412 3382; x_wconf 89' lang='lat' dir='ltr'>historiarum</span> 
     </span>
     <span class='ocr_line' id='line_1_30' title="bbox 279 3419 1121 3504; baseline 0.002 -22"><span class='ocrx_word' id='word_1_214' title='bbox 279 3419 455 3504; x_wconf 78' lang='lat' dir='ltr'>Agathiae,</span> <span class='ocrx_word' id='word_1_215' title='bbox 480 3439 575 3504; x_wconf 91' lang='lat' dir='ltr'>quem</span> <span class='ocrx_word' id='word_1_216' title='bbox 601 3420 712 3482; x_wconf 88' lang='lat' dir='ltr'>statim</span> <span class='ocrx_word' id='word_1_217' title='bbox 734 3420 767 3482; x_wconf 91' lang='lat' dir='ltr'>in</span> <span class='ocrx_word' id='word_1_218' title='bbox 792 3425 1003 3504; x_wconf 89' lang='lat' dir='ltr'>conspectum</span> <span class='ocrx_word' id='word_1_219' title='bbox 1028 3419 1121 3484; x_wconf 88' lang='lat' dir='ltr'>dabo.</span> 
     </span>
    </p>

    <p class='ocr_par' dir='ltr' id='par_1_6' title="bbox 279 3522 1413 3818">
     <span class='ocr_line' id='line_1_31' title="bbox 365 3522 1413 3608; baseline 0.003 -21"><span class='ocrx_word' id='word_1_220' title='bbox 365 3522 638 3608; x_wconf 83' lang='lat' dir='ltr'>Transgredimur</span> <span class='ocrx_word' id='word_1_221' title='bbox 668 3523 754 3587; x_wconf 90' lang='lat' dir='ltr'>enim</span> <span class='ocrx_word' id='word_1_222' title='bbox 782 3544 868 3586; x_wconf 89' lang='lat' dir='ltr'>nuno</span> <span class='ocrx_word' id='word_1_223' title='bbox 899 3523 940 3587; x_wconf 87' lang='lat' dir='ltr'>ad</span> <span class='ocrx_word' id='word_1_224' title='bbox 974 3523 1037 3588; x_wconf 92' lang='lat' dir='ltr'>duo</span> <span class='ocrx_word' id='word_1_225' title='bbox 1061 3525 1117 3588; x_wconf 90' lang='lat' dir='ltr'>illa</span> <span class='ocrx_word' id='word_1_226' title='bbox 1140 3527 1326 3591; x_wconf 90' lang='lat' dir='ltr'>testimonia</span> <span class='ocrx_word' id='word_1_227' title='bbox 1348 3527 1413 3590; x_wconf 90' lang='lat' dir='ltr'>iam</span> 
     </span>
     <span class='ocr_line' id='line_1_32' title="bbox 279 3627 1412 3714; baseline 0.004 -24"><span class='ocrx_word' id='word_1_228' title='bbox 279 3649 378 3712; x_wconf 86' lang='lat' dir='ltr'>supra</span> <span class='ocrx_word' id='word_1_229' title='bbox 393 3627 538 3709; x_wconf 83' lang='lat' dir='ltr'>laudata,</span> <span class='ocrx_word' id='word_1_230' title='bbox 563 3649 698 3712; x_wconf 93' lang='lat' dir='ltr'>quorum</span> <span class='ocrx_word' id='word_1_231' title='bbox 715 3628 804 3713; x_wconf 89' lang='lat' dir='ltr'>prius</span> <span class='ocrx_word' id='word_1_232' title='bbox 826 3628 873 3690; x_wconf 92' lang='lat' dir='ltr'>nil</span> <span class='ocrx_word' id='word_1_233' title='bbox 898 3628 972 3692; x_wconf 87' lang='lat' dir='ltr'>novi</span> <span class='ocrx_word' id='word_1_234' title='bbox 993 3628 1086 3692; x_wconf 90' lang='lat' dir='ltr'>nobis</span> <span class='ocrx_word' id='word_1_235' title='bbox 1102 3629 1248 3714; x_wconf 90' lang='lat' dir='ltr'>praebet.</span> <span class='ocrx_word' id='word_1_236' title='bbox 1296 3630 1412 3694; x_wconf 83' lang='lat' dir='ltr'>Suidas</span> 
     </span>
     <span class='ocr_line' id='line_1_33' title="bbox 281 3723 1412 3818; baseline 0.004 -24"><span class='ocrx_word' id='word_1_237' title='bbox 281 3753 306 3796; x_wconf 90' lang='lat' dir='ltr'>s.</span> <span class='ocrx_word' id='word_1_238' title='bbox 330 3752 358 3796; x_wconf 85' lang='lat' dir='ltr'>v.</span> <span class='ocrx_word' id='word_1_239' title='bbox 385 3723 551 3815; x_wconf 71' lang='grc' dir='ltr'>Ἀγαδίας</span> <span class='ocrx_word' id='word_1_240' title='bbox 580 3731 718 3795; x_wconf 89' lang='lat' dir='ltr'>Paulum</span> <span class='ocrx_word' id='word_1_241' title='bbox 749 3736 898 3794; x_wconf 91' lang='lat' dir='ltr'>nostrum</span> <span class='ocrx_word' id='word_1_242' title='bbox 931 3730 1098 3816; x_wconf 86' lang='lat' dir='ltr'>Agathiae</span> <span class='ocrx_word' id='word_1_243' title='bbox 1134 3734 1306 3818; x_wconf 90' lang='lat' dir='ltr'>aequalem</span> <span class='ocrx_word' id='word_1_244' title='bbox 1339 3755 1412 3798; x_wconf 89' lang='lat' dir='ltr'>esse</span> 
     </span>
    </p>
   </div>
   <div class='ocr_carea' id='block_1_3' title="bbox 276 3825 1414 4544">
    <p class='ocr_par' dir='ltr' id='par_1_7' title="bbox 276 3825 1414 4125">
     <span class='ocr_line' id='line_1_34' title="bbox 278 3825 1414 3921; baseline 0.003 -25"><span class='ocrx_word' id='word_1_245' title='bbox 278 3833 355 3898; x_wconf 86' lang='lat' dir='ltr'>dicit</span> <span class='ocrx_word' id='word_1_246' title='bbox 385 3834 475 3897; x_wconf 87' lang='lat' dir='ltr'>hisce</span> <span class='ocrx_word' id='word_1_247' title='bbox 499 3833 619 3896; x_wconf 87' lang='lat' dir='ltr'>verbis:</span> <span class='ocrx_word' id='word_1_248' title='bbox 652 3827 837 3920; x_wconf 79' lang='grc' dir='ltr'><strong><em>συνήκμασε</em></strong></span> <span class='ocrx_word' id='word_1_249' title='bbox 868 3829 904 3898; x_wconf 78' lang='grc' dir='ltr'>δὲ</span> <span class='ocrx_word' id='word_1_250' title='bbox 928 3831 985 3917; x_wconf 88' lang='lat' dir='ltr'>(so.</span> <span class='ocrx_word' id='word_1_251' title='bbox 1007 3825 1187 3918; x_wconf 76' lang='grc' dir='ltr'>Ἀγαθίας)</span> <span class='ocrx_word' id='word_1_252' title='bbox 1215 3829 1338 3920; x_wconf 78' lang='grc' dir='ltr'><em>Παύλῳ</em></span> <span class='ocrx_word' id='word_1_253' title='bbox 1366 3835 1414 3921; x_wconf 71' lang='grc' dir='ltr'>τῷ</span> 
     </span>
     <span class='ocr_line' id='line_1_35' title="bbox 278 3931 1413 4024; baseline 0.002 -24"><span class='ocrx_word' id='word_1_254' title='bbox 278 3932 488 4023; x_wconf 78' lang='grc' dir='ltr'><strong><em>Σιλεντιαρίῳ</em></strong></span> <span class='ocrx_word' id='word_1_255' title='bbox 511 3934 567 4000; x_wconf 83' lang='grc' dir='ltr'>καὶ</span> <span class='ocrx_word' id='word_1_256' title='bbox 591 3931 790 4022; x_wconf 63' lang='grc' dir='ltr'><strong><em>Μακεδονία)</em></strong></span> <span class='ocrx_word' id='word_1_257' title='bbox 814 3937 861 4022; x_wconf 74' lang='grc' dir='ltr'>τῷ</span> <span class='ocrx_word' id='word_1_258' title='bbox 883 3931 1000 4022; x_wconf 74' lang='grc' dir='ltr'><em>ὑπάτῳ</em></span> <span class='ocrx_word' id='word_1_259' title='bbox 1023 3934 1080 4001; x_wconf 79' lang='grc' dir='ltr'>καὶ</span> <span class='ocrx_word' id='word_1_260' title='bbox 1108 3938 1331 4024; x_wconf 73' lang='grc' dir='ltr'><strong><em>Τριβουνιανῴ</em></strong></span> <span class='ocrx_word' id='word_1_261' title='bbox 1354 3935 1413 4002; x_wconf 77' lang='grc' dir='ltr'>ἐπὶ</span> 
     </span>
     <span class='ocr_line' id='line_1_36' title="bbox 276 4035 743 4125; baseline -0.002 -20"><span class='ocrx_word' id='word_1_262' title='bbox 276 4039 341 4105; x_wconf 79' lang='grc' dir='ltr'>τῶν</span> <span class='ocrx_word' id='word_1_263' title='bbox 359 4035 591 4106; x_wconf 79' lang='grc' dir='ltr'><strong><em>Ἰουστινιανοῦ</em></strong></span> <span class='ocrx_word' id='word_1_264' title='bbox 613 4035 743 4125; x_wconf 79' lang='grc' dir='ltr'><strong><em>χρόνων.</em></strong></span> 
     </span>
    </p>

    <p class='ocr_par' dir='ltr' id='par_1_8' title="bbox 278 4144 1414 4544">
     <span class='ocr_line' id='line_1_37' title="bbox 363 4144 1412 4229; baseline 0 -20"><span class='ocrx_word' id='word_1_265' title='bbox 363 4145 466 4210; x_wconf 85' lang='lat' dir='ltr'>Multo</span> <span class='ocrx_word' id='word_1_266' title='bbox 496 4145 626 4208; x_wconf 89' lang='lat' dir='ltr'>maioris</span> <span class='ocrx_word' id='word_1_267' title='bbox 655 4150 764 4209; x_wconf 86' lang='lat' dir='ltr'>autem</span> <span class='ocrx_word' id='word_1_268' title='bbox 789 4145 944 4210; x_wconf 89' lang='lat' dir='ltr'>momenti</span> <span class='ocrx_word' id='word_1_269' title='bbox 967 4145 1059 4208; x_wconf 91' lang='lat' dir='ltr'>locus</span> <span class='ocrx_word' id='word_1_270' title='bbox 1083 4144 1138 4208; x_wconf 93' lang='lat' dir='ltr'>ille</span> <span class='ocrx_word' id='word_1_271' title='bbox 1163 4144 1326 4229; x_wconf 85' lang='lat' dir='ltr'>Agathiae</span> <span class='ocrx_word' id='word_1_272' title='bbox 1352 4151 1412 4226; x_wconf 87' lang='lat' dir='ltr'>est,</span> 
     </span>
     <span class='ocr_line' id='line_1_38' title="bbox 278 4247 1413 4335; baseline 0 -21"><span class='ocrx_word' id='word_1_273' title='bbox 278 4271 341 4335; x_wconf 91' lang='lat' dir='ltr'>quo</span> <span class='ocrx_word' id='word_1_274' title='bbox 365 4250 524 4314; x_wconf 90' lang='lat' dir='ltr'>terminus</span> <span class='ocrx_word' id='word_1_275' title='bbox 541 4249 766 4330; x_wconf 72' lang='lat' dir='ltr'>constituatur,</span> <span class='ocrx_word' id='word_1_276' title='bbox 791 4255 866 4313; x_wconf 89' lang='lat' dir='ltr'>ante</span> <span class='ocrx_word' id='word_1_277' title='bbox 885 4270 981 4334; x_wconf 91' lang='lat' dir='ltr'>quem</span> <span class='ocrx_word' id='word_1_278' title='bbox 996 4247 1136 4312; x_wconf 88' lang='lat' dir='ltr'>Paulum</span> <span class='ocrx_word' id='word_1_279' title='bbox 1152 4255 1313 4312; x_wconf 92' lang='lat' dir='ltr'>mortuum</span> <span class='ocrx_word' id='word_1_280' title='bbox 1340 4271 1413 4314; x_wconf 91' lang='lat' dir='ltr'>esse</span> 
     </span>
     <span class='ocr_line' id='line_1_39' title="bbox 278 4353 1414 4439; baseline -0.002 -21"><span class='ocrx_word' id='word_1_281' title='bbox 278 4375 357 4439; x_wconf 94' lang='lat' dir='ltr'>opus</span> <span class='ocrx_word' id='word_1_282' title='bbox 389 4359 448 4418; x_wconf 89' lang='lat' dir='ltr'>est.</span> <span class='ocrx_word' id='word_1_283' title='bbox 494 4353 658 4437; x_wconf 84' lang='lat' dir='ltr'>Agathias</span> <span class='ocrx_word' id='word_1_284' title='bbox 681 4354 766 4417; x_wconf 91' lang='lat' dir='ltr'>enim</span> <span class='ocrx_word' id='word_1_285' title='bbox 787 4360 959 4439; x_wconf 86' lang='lat' dir='ltr'>postquam</span> <span class='ocrx_word' id='word_1_286' title='bbox 982 4353 1015 4416; x_wconf 93' lang='lat' dir='ltr'>in</span> <span class='ocrx_word' id='word_1_287' title='bbox 1038 4353 1152 4417; x_wconf 89' lang='lat' dir='ltr'>histor.</span> <span class='ocrx_word' id='word_1_288' title='bbox 1169 4353 1237 4418; x_wconf 81' lang='lat' dir='ltr'>Va</span> <span class='ocrx_word' id='word_1_289' title='bbox 1261 4375 1414 4438; x_wconf 86' lang='lat' dir='ltr'>magnam</span> 
     </span>
     <span class='ocr_line' id='line_1_40' title="bbox 279 4457 1412 4544; baseline -0.002 -23"><span class='ocrx_word' id='word_1_290' title='bbox 279 4459 451 4522; x_wconf 87' lang='lat' dir='ltr'>ecclesiam</span> <span class='ocrx_word' id='word_1_291' title='bbox 486 4463 519 4520; x_wconf 86' lang='lat' dir='ltr'>et</span> <span class='ocrx_word' id='word_1_292' title='bbox 552 4463 626 4544; x_wconf 90' lang='lat' dir='ltr'>post</span> <span class='ocrx_word' id='word_1_293' title='bbox 659 4457 810 4521; x_wconf 90' lang='lat' dir='ltr'>incendia</span> <span class='ocrx_word' id='word_1_294' title='bbox 846 4465 878 4522; x_wconf 94' lang='lat' dir='ltr'>et</span> <span class='ocrx_word' id='word_1_295' title='bbox 912 4463 987 4544; x_wconf 88' lang='lat' dir='ltr'>post</span> <span class='ocrx_word' id='word_1_296' title='bbox 1021 4463 1129 4522; x_wconf 88' lang='lat' dir='ltr'>terrae</span> <span class='ocrx_word' id='word_1_297' title='bbox 1164 4465 1271 4521; x_wconf 89' lang='lat' dir='ltr'>motus</span> <span class='ocrx_word' id='word_1_298' title='bbox 1307 4457 1412 4521; x_wconf 91' lang='lat' dir='ltr'>denuo</span> 
     </span>
    </p>
   </div>
   <div class='ocr_carea' id='block_1_4' title="bbox 0 0 1634 4954">
    <p class='ocr_par' dir='ltr' id='par_1_9' title="bbox 0 0 1634 4954">
     <span class='ocr_line' id='line_1_41' title="bbox 0 0 1634 4954; baseline 0 0"><span class='ocrx_word' id='word_1_299' title='bbox 0 0 1634 4954; x_wconf 95' lang='lat' dir='ltr'> </span> 
     </span>
    </p>
   </div>
  </div>
 </body>
</html>
