3224 4946
715 288 929 348 ,70-

251 458 359 520 locum
382 458 473 520 illum
497 456 683 542 explicavit.
729 455 817 520 Dicit
841 457 928 520 enim
951 457 1005 520 illc
1029 457 1062 519 in
1080 457 1227 521 oratione
1252 458 1291 522 de
1309 459 1388 544 bap-

252 561 349 624 tismo
380 536 502 623 Christi
532 581 624 623 sacro
655 559 914 644 Epiphaniorum
944 559 996 623 die
1025 560 1137 624 habita
1165 581 1203 624 eo
1233 563 1305 646 ipso
1336 563 1389 627 die

253 685 371 748 aquam
392 663 618 727 miraculosam
643 663 776 728 hauriri.
821 663 885 727 Hic
909 669 1018 727 autem
1042 663 1112 728 dies
1140 664 1244 728 festus
1271 663 1389 729 additis

253 767 361 832 verbis
389 763 467 854 μηνὶ
495 762 707 853 χρυσοχίτωνι
735 769 814 831 satis
833 789 857 831 a
879 767 982 832 Paulo
1006 767 1201 850 declaratur,
1226 790 1309 853 quae
1334 791 1391 833 our

253 864 298 936 ad
323 871 510 935 Ianuarium
534 877 735 956 spectarent,
759 871 813 934 Du
837 870 981 954 Congius
1006 871 1053 934 sio
1077 871 1197 955 optime
1222 873 1388 956 exposuit:

254 975 350 1055 „huic
380 981 488 1038 autern
516 975 621 1039 mensi
650 975 801 1039 fortassis
824 973 857 1037 id
881 974 1019 1058 epitheti
1042 974 1153 1038 tribuit
1184 973 1390 1040 silentiarius

255 1078 295 1140 ob
312 1097 409 1161 rogas
424 1080 446 1160 ¹)
470 1079 720 1162 magistratuum
743 1081 799 1142 ant
821 1077 919 1142 xenia
943 1083 976 1140 et
1000 1081 1138 1157 strenas,
1156 1077 1272 1161 quibus
1290 1078 1388 1142 dona-

255 1181 373 1244 bantur
405 1182 534 1267 ipsique
569 1181 649 1246 adeo
678 1181 860 1267 principes;
893 1181 945 1244 vel
976 1186 1065 1244 certe
1095 1181 1171 1265 quia
1203 1202 1254 1245 eo
1277 1203 1390 1247 mense

255 1285 480 1369 magistratum
507 1285 634 1350 inibant
659 1286 810 1350 consules
842 1291 875 1349 et
901 1279 1133 1370 χρυσοχίτωνες
1164 1285 1196 1348 in
1225 1285 1390 1370 publicum

254 1388 485 1474 procedebant.
531 1389 660 1453 Dicitur
680 1389 765 1453 enim
781 1389 953 1452 Ianuarius
976 1382 1041 1475 μὴν
1063 1381 1230 1456 ὕπάτων.“
1275 1389 1392 1475 Itaque

256 1493 415 1558 servanda
438 1499 511 1558 sunt
534 1493 653 1558 codicis
677 1493 788 1558 verba.

342 1597 491 1662 Alterum
509 1618 637 1682 quoque
651 1597 758 1660 locum
774 1597 958 1678 molestum,
981 1595 998 1659 I
1019 1599 1080 1660 253
1108 1593 1237 1682 γλυπτοὶ
1260 1594 1391 1685 χρυσεό-

255 1725 386 1781 necaro,
419 1701 611 1785 Hilbergius
642 1701 860 1765 exterminare
892 1723 910 1764 e
940 1707 1034 1765 textu
1058 1708 1193 1766 conatus
1217 1710 1268 1767 est
1290 1704 1391 1768 inter-

256 1805 342 1868 iecta
357 1802 394 1868 τέ
408 1805 584 1891 particula:
601 1798 730 1888 γλυπτά
744 1827 780 1868 re
794 1828 841 1888 χρ.
886 1803 1084 1869 Rectissime
1108 1811 1217 1870 autem
1235 1805 1391 1870 Scheind-

257 1909 345 1972 lerus
369 1909 388 1972 l.
412 1910 433 1972 1.
465 1913 576 1972 monet
604 1904 641 1972 τέ
670 1907 819 1971 voculam
850 1912 883 1972 ct
912 1907 1042 1971 omnino
1075 1909 1216 1973 alienam
1249 1931 1321 1974 esse
1351 1911 1391 1974 ab

256 2012 342 2076 illius
372 2012 437 2076 loci
467 2016 623 2076 contextu
647 2017 680 2076 et
702 2028 834 2096 perraro
858 2033 932 2076 esse
956 2017 1148 2098 usurpatam
1171 2013 1392 2079 aNonnianis

257 2113 311 2198 (cf.
341 2137 439 2202 supra
469 2139 500 2202 p.
518 2113 583 2200 55).
641 2114 681 2177 In
716 2115 826 2179 codice
863 2121 973 2180 autem
1007 2115 1135 2201 γλυπτα
1171 2136 1236 2180 non
1269 2116 1393 2202 ylvmu

257 2219 399 2306 (Graes.)
423 2221 490 2306 legi
507 2219 779 2284 Stadtmuellerus
802 2225 952 2284 testatur.
999 2219 1105 2293 Quam
1120 2222 1295 2286 lectionem
1319 2244 1392 2287 esse

259 2325 428 2389 tutandam
452 2323 603 2409 equidem
627 2345 756 2389 censeo.

343 2429 459 2514 ltaque
495 2426 714 2491 concedamus
736 2427 839 2491 Paulo
869 2427 951 2492 duos
974 2429 1079 2508 locos,
1113 2430 1231 2515 quibus
1265 2431 1393 2494 omnino

258 2532 378 2597 defecit
394 2554 413 2596 a
430 2533 586 2596 societate
600 2552 673 2594 curn
685 2531 922 2617 Panopolitano
939 2531 1037 2599 facta.
1072 2533 1168 2598 Hanc
1187 2539 1296 2598 autem
1316 2556 1392 2620 pro-

257 2637 444 2701 ductionem
470 2643 608 2721 utroque
629 2636 703 2700 loco
731 2637 765 2700 in
790 2636 894 2722 primo
919 2657 1033 2702 versus
1055 2621 1156 2724 pede,
1192 2639 1245 2724 qui
1272 2660 1331 2724 per
1358 2661 1393 2703 se

258 2741 378 2805 maiore
408 2741 542 2806 licentia
570 2740 690 2822 utitur,
726 2745 759 2804 et
786 2745 861 2804 ante
892 2741 1017 2805 litteras
1047 2766 1085 2826 χρ
1113 2741 1295 2806 adhibitam
1319 2764 1393 2808 esse

258 2845 563 2910 commemoratione
587 2843 674 2908 haud
696 2844 866 2929 indignum
889 2845 967 2908 mihi
990 2844 1128 2911 videtur.

344 3000 383 3064 B.
415 3000 455 3064 In
478 3000 515 3085 ip
527 2999 583 3063 sis
606 2998 742 3063 verbis
765 3003 856 3062 muta
873 3004 906 3064 et
921 2999 1045 3083 liquida
1059 2999 1254 3085 positionem
1271 3000 1395 3065 faciunt

345 3154 373 3198 a.
398 3133 431 3195 in
455 3131 535 3196 arsi
555 3129 811 3214 uniuscuiusque
824 3127 929 3214 pedis.
963 3129 1091 3214 Nempe
1105 3151 1169 3194 non
1186 3131 1394 3216 excipiuntur

259 3235 421 3321 disyllaba
444 3235 510 3299 arsi
532 3233 590 3299 IV.
614 3239 671 3297 aut
699 3237 833 3318 propter
855 3233 991 3297 vitatam
1015 3254 1186 3298 caesuram
1209 3233 1312 3299 troch.
1335 3233 1394 3300 IV.

259 3345 316 3404 aut
338 3344 471 3424 propter
493 3336 641 3402 odiosum
665 3343 815 3420 quartum
839 3335 1027 3420 spondeum.

344 3469 375 3533 b.
398 3468 431 3531 in
453 3467 561 3532 thesi
584 3472 699 3550 quater
722 3465 808 3552 apud
831 3465 969 3530 Paulum
998 3467 1031 3530 in
1054 3466 1224 3552 disyllabis
1248 3490 1394 3554 semper-

259 3573 379 3659 quein
409 3570 495 3634 thesi
522 3569 615 3656 pedis
638 3568 683 3635 ΙΙ.
728 3567 889 3642 Quattuor
918 3570 1017 3654 igitur
1044 3571 1077 3634 in
1100 3572 1248 3636 versibus
1272 3571 1395 3636 recedit

258 3678 314 3743 ille
338 3700 358 3742 a
380 3673 562 3741 Ludwichii
585 3674 659 3758 lege
683 3693 782 3759 supra
805 3679 1067 3739 commemorata.

347 3780 393 3844 Ut
416 3779 561 3860 singulos
590 3777 651 3840 hos
674 3776 765 3840 locos
789 3778 1037 3862 perlustramus,
1061 3779 1094 3842 in
1117 3801 1146 3844 v.
1170 3779 1204 3843 ΙΙ
1223 3781 1283 3843 129
1306 3778 1392 3864 posi-

259 3886 383 3950 tionem
406 3885 496 3948 illam
512 3881 694 3968 reperimus
717 3881 750 3944 in
773 3901 852 3946 voce
868 3877 989 3968 πέτρης
1007 3878 1227 3967 (Θεσσαλίδος
1243 3879 1393 3968 πέτρης);

258 4125 358 4196 ἡγίασε
377 4125 463 4197 φύσιν
482 4143 488 4156 ·
507 4124 613 4178 duitor
631 4124 710 4176 τοῦτο
729 4120 775 4174 καὶ
793 4121 823 4175 ἐν
834 4121 1004 4194 μεσονυκτίῳ
1023 4122 1093 4176 sord
1111 4121 1161 4190 τήν
1179 4119 1276 4190 ἑορτήν
1293 4119 1396 4188 ταύτην

260 4210 379 4272 ἅπαντες
395 4210 596 4285 ὑδρευσάμενοι
613 4207 708 4262 οἴκαδε
725 4207 760 4262 τά
778 4206 890 4278 νάματα
909 4205 1086 4264 ἀποτίθενται
1104 4209 1159 4262 κτλ.

348 4319 368 4384 ²)
388 4317 484 4386 Regae
501 4317 567 4370 sunt
579 4312 714 4370 donativa
725 4313 875 4368 honoraria
886 4312 1098 4384 magistratibus
1110 4310 1185 4364 data.
1199 4308 1238 4363 Cf.
1246 4308 1396 4379 Danngii

259 4405 342 4476 gloss.
361 4403 422 4468 VII,
435 4421 462 4472 p.
475 4404 534 4457 204.
