3224 4946
614 295 939 357 .-44-

269 463 371 546 partis
389 484 534 528 caesura.
573 464 655 526 Nam
674 486 714 527 ne
732 463 957 527 semiternaria
975 460 1255 546 (trithemimeres)
1274 461 1405 546 quidem

270 568 340 630 sola
364 567 485 630 sufficit
508 568 549 631 ad
572 567 789 631 adiuvandam
813 569 941 630 tertiam
967 587 1137 630 caesuram
1159 565 1356 632 femininam.

355 687 483 752 Ceteris
508 694 618 752 autern
642 689 798 768 caesuris,
822 709 905 772 quae
923 667 1056 772 propter
1073 687 1292 751 necessariam
1315 687 1403 750 tertii

267 791 361 876 pedis
385 793 575 856 incisionem
598 814 728 856 versum
751 792 905 872 dividunt,
930 793 1028 876 longe
1045 795 1192 876 praestat
1214 790 1405 854 bucolica

269 894 417 979 (647)¹),
447 916 547 979 quae,
583 897 608 960 si
644 898 828 961 accuratius
865 896 1096 974 discernimus,
1137 895 1169 956 in
1208 893 1404 958 diaeresium

266 1021 401 1064 numero
418 1000 569 1064 habenda
592 1005 658 1072 est;
683 1001 877 1084 quinetiam
894 1000 1037 1064 maxime
1061 1020 1099 1063 ea
1124 1000 1193 1063 sola
1216 999 1257 1062 ad
1273 1000 1404 1063 tertiam

268 1125 435 1167 caesuram
454 1094 587 1168 ‘aceedit
610 1111 666 1168 aut
683 1105 854 1167 coniuncta
878 1125 950 1168 eum
968 1103 1200 1167 semiternaria.
1248 1102 1403 1166 Usitatis-

268 1207 350 1269 sima
373 1213 484 1270 autem
507 1207 589 1270 haec
613 1212 664 1271 est
684 1227 891 1270 caesurarum
910 1206 1114 1270 coniunctio:
1137 1205 1403 1286 trithemimeres‚

269 1330 406 1373 caesura
418 1308 479 1374 ΙΙΙ.
492 1309 665 1387 trochaica,
681 1309 842 1375 bucolica.
857 1347 896 1356 -
909 1311 1066 1393 Sequitur
1088 1309 1402 1373 trithemimares

268 1413 368 1493 (589),
394 1434 476 1497 quae
501 1414 568 1476 sola
585 1435 658 1478 eum
674 1434 808 1478 caesura
824 1413 885 1480 III.
902 1413 1059 1477 feminina
1078 1413 1251 1476 coniuncta
1267 1419 1404 1497 apparet

265 1517 298 1578 in
325 1518 384 1579 150
402 1537 451 1581 vv.
672 1521 674 1525 ’

354 1636 458 1699 Multo
475 1637 576 1700 rarius
600 1637 975 1720 semiseptenariam
999 1637 1180 1699 invenimus
1203 1634 1307 1720 (384),
1331 1659 1403 1700 sae-

266 1740 398 1823 pissime
430 1746 486 1802 aut
518 1741 619 1802 solam
651 1739 741 1824 (125)
772 1747 828 1803 aut
852 1741 1095 1804 trithemimcris
1125 1735 1276 1803 comitem
1301 1739 1402 1824 (119).

268 1843 360 1916 Quae
391 1865 528 1906 caesura
561 1845 587 1906 si
615 1865 680 1906 una
712 1865 783 1906 eum
815 1844 963 1908 bucolica
993 1845 1132 1908 aiterum
1162 1865 1274 1907 versus
1298 1844 1401 1907 hemi-

267 1947 420 2011 stichium
436 1947 558 2022 incidit,
576 1949 856 2031 quaestiunculam
873 1970 994 2034 ponere
1013 1971 1055 2012 ex
1078 1970 1112 2012 re
1137 1953 1196 2028 cst,
1220 1954 1292 2011 utra
1303 1947 1401 2034 ¹prae-

266 2051 391 2125 valeat;
424 2058 461 2134 et
488 2052 551 2115 iam
575 2053 675 2114 movit
709 2073 781 2116 eam
810 2053 1089 2136 Baumgartenus,
1114 2053 1167 2136 qui
1196 2073 1226 2136 p.
1251 2054 1291 2113 25
1320 2052 1403 2114 hane

267 2157 376 2239 legem
410 2155 450 2219 de
488 2155 687 2220 Christodori
719 2177 780 2220 usu
816 2157 997 2220 constituit:
1034 2155 1070 2219 si
1103 2156 1136 2218 in
1170 2156 1277 2238 quarti
1309 2155 1403 2240 pedis

267 2259 353 2322 thesi
382 2259 576 2322 vocabulum
603 2259 826 2344 pyrrhichium
859 2265 939 2339 stat,
971 2280 1099 2344 semper
1133 2259 1201 2322 fare
1235 2259 1403 2343 praevalet

268 2363 428 2441 bucolica,
453 2361 645 2447 saepissime
663 2363 761 2426 etiam
778 2364 1038 2448 interpunctione
1056 2362 1175 2430 adiuta.
1221 2363 1260 2424 ln
1277 2362 1402 2426 duobus

271 2465 474 2529 Christodori
506 2466 656 2529 versibus
690 2465 776 2548 (369.
801 2470 861 2529 407
889 2467 925 2530 Α.
951 2467 986 2530 P.
1018 2466 1073 2530 lib.
1098 2466 1172 2548 Π),
1207 2465 1247 2530 de
1285 2466 1402 2550 quibus

267 2568 414 2632 dubitare
438 2569 562 2652 possis,
588 2569 858 2654 semiseptenaria
881 2569 954 2633 ideo
982 2569 1140 2634 dominari
1163 2571 1292 2654 nequit,
1318 2570 1402 2654 quod

265 2691 367 2755 prope
398 2671 561 2734 antecedit
588 2672 676 2735 tertii
706 2673 800 2757 pedis
831 2694 967 2736 caesura
998 2675 1261 2759 interpunctione
1293 2695 1401 2737 corro-

267 2775 392 2839 borata.
446 2775 504 2838 Sin
535 2781 645 2839 autem
675 2775 771 2860 longa
802 2782 852 2839 est
875 2777 982 2861 quarti
1005 2777 1096 2861 pedis
1120 2777 1239 2855 thesis,
1272 2798 1402 2861 semper

267 2883 400 2963 propter
423 2899 555 2941 sensum
580 2879 848 2964 semiseptenaria
866 2879 1048 2942 dominatur
1072 2885 1104 2943 et
1126 2885 1177 2942 ter
1200 2880 1330 2964 quidem
1352 2881 1401 2942 in-

266 2990 316 3045 ter
344 3001 403 3044 sex
432 2981 619 3045 huiusmodi
642 3002 756 3045 versus
787 2983 1047 3067 interpunctione
1079 2983 1231 3046 indicata.
1277 2983 1402 3047 Eadem

268 3085 337 3150 fere
362 3085 448 3170 apud
471 3085 610 3149 Paulum
634 3086 860 3151 observantur.
905 3087 989 3150 Nam
1013 3088 1046 3150 in
1072 3087 1318 3166 maronibus,
1348 3088 1402 3171 qui

266 3189 487 3272 pyrrhichium
515 3190 707 3254 vocabulum
738 3191 771 3254 in
800 3192 885 3255 thesi
916 3191 975 3255 IV.
1005 3192 1179 3271 exhibent,
1211 3192 1401 3276 saepissime

269 3293 337 3375 (91)
366 3293 515 3357 bucolica
542 3315 641 3358 sensu
673 3296 872 3380 postulatur;
902 3297 936 3358 in
959 3297 999 3358 49
1015 3316 1067 3361 vv.
1092 3297 1190 3359 etiam
1214 3297 1401 3381 interpunc-

265 3397 390 3458 tionum
420 3397 467 3460 vis
498 3397 673 3481 aceedit2).
719 3401 760 3461 29
783 3405 893 3476 antem
922 3419 1072 3463 versuum
1103 3421 1219 3464 sensus
1244 3400 1401 3485 semisep-

267 3500 411 3564 tenariae
440 3501 612 3586 imperium
641 3503 780 3586 flagitat,
811 3503 897 3587 quod
923 3503 973 3566 bis
1003 3504 1101 3568 etiam
1134 3505 1401 3588 interpunctionis

266 3604 386 3688 insigni
414 3609 546 3667 ornatur
575 3604 606 3688 (Ι
624 3607 674 3670 73.
699 3605 786 3688 201).
832 3606 975 3670 Maxime
1004 3607 1037 3670 in
1060 3607 1111 3670 his
1134 3607 1281 3671 uersibus
1304 3628 1400 3671 voca-

267 3707 345 3771 bula
390 3707 578 3793 pyrrhichia
624 3708 918 3794 praepositionibus
959 3710 1144 3774 efficiuntur
1183 3705 1293 3796 (περί,
1333 3705 1401 3791 ἐπί,

265 3805 351 3876 κατά
375 3810 472 3894 ete),
496 3833 579 3897 quae
602 3819 672 3877 arte
697 3834 769 3876 eum
794 3813 1007 3898 sequentibus
1030 3815 1138 3878 verbis
1162 3815 1292 3879 iunctae
1316 3820 1400 3878 sunt.

268 3915 317 3980 Of.
343 3915 427 3980 amb.
449 3919 496 3982 11.
514 3916 531 3979 Ι
547 3919 620 3982 214.
636 3939 664 3980 a.
682 3919 753 3982 220.
801 3916 867 3981 Sed
890 3917 977 4002 apud
994 3918 1134 3983 Paulum
1158 3940 1284 4004 quoque
1308 3919 1401 4004 pedis

267 4018 327 4082 HI.
354 4041 489 4084 caesura
518 4021 565 4084 vis
590 4020 685 4084 huius
709 4021 999 4105 semiseptenariae
1028 4043 1093 4086 non
1115 4044 1189 4086 raro
1212 4022 1402 4086 infirmatur.

265 4152 471 4164 ——-—..,

355 4244 374 4309 ¹)
394 4242 444 4296 His
462 4243 596 4307 numeris,
620 4241 730 4310 quoties
755 4241 883 4310 singulae
907 4259 1036 4297 caesurae
1059 4243 1135 4311 apud
1153 4243 1272 4296 Paulum
1291 4241 1402 4296 obviam

266 4328 343 4392 fiant,
362 4327 511 4382 indicatur.

354 4417 373 4484 ²)
393 4416 432 4470 Of.
446 4417 524 4471 Paul.
537 4417 564 4470 ΙΙ
577 4418 640 4470 312:
660 4413 728 4469 ἄλλά
746 4435 785 4475 τις
797 4412 979 4486 <tautameos
991 4413 1045 4484 ἔφυ
1057 4413 1154 4482 βάσις·
1172 4415 1201 4467 ἐκ
1220 4415 1250 4466 δὲ
1262 4415 1401 4468 κελεύθου.
