<?xml version="1.0" encoding="UTF-8"?>
<!DOCTYPE html PUBLIC "-//W3C//DTD XHTML 1.0 Transitional//EN"
    "http://www.w3.org/TR/xhtml1/DTD/xhtml1-transitional.dtd">
<html xmlns="http://www.w3.org/1999/xhtml" xml:lang="en" lang="en">
 <head>
  <title>
</title>
<meta http-equiv="Content-Type" content="text/html;charset=utf-8" />
  <meta name='ocr-system' content='tesseract 3.04.00' />
  <meta name='ocr-capabilities' content='ocr_page ocr_carea ocr_par ocr_line ocrx_word'/>
</head>
<body>
  <div class='ocr_page' id='page_1' title='image "./depaulosilentar00merigoog_0112.png"; bbox 0 0 3224 4946; ppageno 0'>
   <div class='ocr_carea' id='block_1_1' title="bbox 687 319 903 380">
    <p class='ocr_par' dir='ltr' id='par_1_1' title="bbox 687 319 903 380">
     <span class='ocr_line' id='line_1_1' title="bbox 687 319 903 380; baseline -0.009 -16"><span class='ocrx_word' id='word_1_1' title='bbox 687 319 903 380; x_wconf 71' lang='lat'>..99-</span> 
     </span>
    </p>
   </div>
   <div class='ocr_carea' id='block_1_2' title="bbox 227 489 1368 3874">
    <p class='ocr_par' dir='ltr' id='par_1_2' title="bbox 228 489 1365 788">
     <span class='ocr_line' id='line_1_2' title="bbox 318 489 1365 579; baseline 0.005 -27"><span class='ocrx_word' id='word_1_2' title='bbox 318 489 399 569; x_wconf 92' lang='lat' dir='ltr'>Iam,</span> <span class='ocrx_word' id='word_1_3' title='bbox 422 494 460 551; x_wconf 89' lang='lat' dir='ltr'>nt</span> <span class='ocrx_word' id='word_1_4' title='bbox 475 489 571 552; x_wconf 87' lang='lat' dir='ltr'><strong>finem</strong></span> <span class='ocrx_word' id='word_1_5' title='bbox 587 489 751 574; x_wconf 84' lang='lat' dir='ltr'><strong>imponam</strong></span> <span class='ocrx_word' id='word_1_6' title='bbox 774 489 825 553; x_wconf 91' lang='lat' dir='ltr'>his</span> <span class='ocrx_word' id='word_1_7' title='bbox 843 490 1101 574; x_wconf 77' lang='lat' dir='ltr'>quaestionibus,</span> <span class='ocrx_word' id='word_1_8' title='bbox 1126 493 1264 557; x_wconf 93' lang='lat' dir='ltr'>aliorum</span> <span class='ocrx_word' id='word_1_9' title='bbox 1287 515 1365 579; x_wconf 91' lang='lat' dir='ltr'>poe-</span> 
     </span>
     <span class='ocr_line' id='line_1_3' title="bbox 229 592 1364 681; baseline 0.005 -26"><span class='ocrx_word' id='word_1_10' title='bbox 229 599 334 656; x_wconf 89' lang='lat' dir='ltr'>tarum</span> <span class='ocrx_word' id='word_1_11' title='bbox 348 592 516 677; x_wconf 87' lang='lat' dir='ltr'><strong>epicorum</strong></span> <span class='ocrx_word' id='word_1_12' title='bbox 535 593 686 676; x_wconf 87' lang='lat' dir='ltr'>vestigia,</span> <span class='ocrx_word' id='word_1_13' title='bbox 703 613 787 676; x_wconf 91' lang='lat' dir='ltr'>quae</span> <span class='ocrx_word' id='word_1_14' title='bbox 804 593 837 657; x_wconf 94' lang='lat' dir='ltr'>in</span> <span class='ocrx_word' id='word_1_15' title='bbox 851 593 945 657; x_wconf 95' lang='lat' dir='ltr'>Pauli</span> <span class='ocrx_word' id='word_1_16' title='bbox 957 593 1177 680; x_wconf 82' lang='lat' dir='ltr'>descriptione</span> <span class='ocrx_word' id='word_1_17' title='bbox 1191 597 1364 681; x_wconf 81' lang='lat' dir='ltr'>indagasse</span> 
     </span>
     <span class='ocr_line' id='line_1_4' title="bbox 228 682 810 788; baseline 0.003 -29"><span class='ocrx_word' id='word_1_18' title='bbox 228 695 306 759; x_wconf 91' lang='lat' dir='ltr'>mihi</span> <span class='ocrx_word' id='word_1_19' title='bbox 330 694 452 774; x_wconf 85' lang='lat' dir='ltr'>videor,</span> <span class='ocrx_word' id='word_1_20' title='bbox 476 682 623 779; x_wconf 89' lang='lat' dir='ltr'>proferre</span> <span class='ocrx_word' id='word_1_21' title='bbox 646 695 753 761; x_wconf 86' lang='lat' dir='ltr'>liceat.</span> <span class='ocrx_word' id='word_1_22' title='bbox 807 783 810 788; x_wconf 27' lang='grc' dir='ltr'>Ι</span> 
     </span>
    </p>

    <p class='ocr_par' dir='ltr' id='par_1_3' title="bbox 227 797 1365 1921">
     <span class='ocr_line' id='line_1_5' title="bbox 315 797 1365 887; baseline 0.005 -25"><span class='ocrx_word' id='word_1_23' title='bbox 315 797 470 864; x_wconf 76' lang='lat' dir='ltr'>Carmina</span> <span class='ocrx_word' id='word_1_24' title='bbox 492 799 672 881; x_wconf 87' lang='lat' dir='ltr'>Homeri,</span> <span class='ocrx_word' id='word_1_25' title='bbox 702 821 800 884; x_wconf 87' lang='lat' dir='ltr'>quem</span> <span class='ocrx_word' id='word_1_26' title='bbox 829 802 923 886; x_wconf 88' lang='lat' dir='ltr'>quasi</span> <span class='ocrx_word' id='word_1_27' title='bbox 949 808 1076 887; x_wconf 88' lang='lat' dir='ltr'>patrem</span> <span class='ocrx_word' id='word_1_28' title='bbox 1110 803 1254 866; x_wconf 92' lang='lat' dir='ltr'>omnium</span> <span class='ocrx_word' id='word_1_29' title='bbox 1282 809 1365 867; x_wconf 84' lang='lat' dir='ltr'>tem-</span> 
     </span>
     <span class='ocr_line' id='line_1_6' title="bbox 227 903 1365 990; baseline 0.004 -24"><span class='ocrx_word' id='word_1_30' title='bbox 227 923 343 988; x_wconf 91' lang='lat' dir='ltr'>porum</span> <span class='ocrx_word' id='word_1_31' title='bbox 371 907 489 987; x_wconf 92' lang='lat' dir='ltr'>poetae</span> <span class='ocrx_word' id='word_1_32' title='bbox 519 903 775 983; x_wconf 85' lang='lat' dir='ltr'>venerabantur,</span> <span class='ocrx_word' id='word_1_33' title='bbox 807 905 948 970; x_wconf 93' lang='lat' dir='ltr'>Paulum</span> <span class='ocrx_word' id='word_1_34' title='bbox 977 927 1105 990; x_wconf 88' lang='lat' dir='ltr'>quoquo</span> <span class='ocrx_word' id='word_1_35' title='bbox 1129 906 1212 970; x_wconf 89' lang='lat' dir='ltr'>bene</span> <span class='ocrx_word' id='word_1_36' title='bbox 1234 907 1365 971; x_wconf 81' lang='lat' dir='ltr'>novisse</span> 
     </span>
     <span class='ocr_line' id='line_1_7' title="bbox 228 1002 1365 1095; baseline 0.004 -27"><span class='ocrx_word' id='word_1_37' title='bbox 228 1012 264 1070; x_wconf 91' lang='lat' dir='ltr'>ut</span> <span class='ocrx_word' id='word_1_38' title='bbox 287 1004 529 1086; x_wconf 84' lang='lat' dir='ltr'>concludamus,</span> <span class='ocrx_word' id='word_1_39' title='bbox 553 1007 606 1070; x_wconf 90' lang='lat' dir='ltr'>vel</span> <span class='ocrx_word' id='word_1_40' title='bbox 629 1027 668 1070; x_wconf 90' lang='lat' dir='ltr'>eo</span> <span class='ocrx_word' id='word_1_41' title='bbox 685 1006 878 1088; x_wconf 89' lang='lat' dir='ltr'>inducimur,</span> <span class='ocrx_word' id='word_1_42' title='bbox 902 1007 987 1092; x_wconf 93' lang='lat' dir='ltr'>quod</span> <span class='ocrx_word' id='word_1_43' title='bbox 1011 1011 1105 1074; x_wconf 75' lang='grc' dir='ltr'><strong><em>θεῖον</em></strong></span> <span class='ocrx_word' id='word_1_44' title='bbox 1118 1002 1263 1095; x_wconf 83' lang='grc' dir='ltr'><strong><em>Ὅμηρον</em></strong></span> <span class='ocrx_word' id='word_1_45' title='bbox 1285 1010 1365 1095; x_wconf 90' lang='lat' dir='ltr'>ipsis</span> 
     </span>
     <span class='ocr_line' id='line_1_8' title="bbox 228 1109 1364 1196; baseline 0.005 -24"><span class='ocrx_word' id='word_1_46' title='bbox 228 1109 484 1194; x_wconf 81' lang='lat' dir='ltr'>Byzantinorum</span> <span class='ocrx_word' id='word_1_47' title='bbox 508 1110 711 1196; x_wconf 87' lang='lat' dir='ltr'>temporibus</span> <span class='ocrx_word' id='word_1_48' title='bbox 734 1112 877 1176; x_wconf 86' lang='lat' dir='ltr'>maxime</span> <span class='ocrx_word' id='word_1_49' title='bbox 901 1113 1105 1177; x_wconf 88' lang='lat' dir='ltr'>celebratum</span> <span class='ocrx_word' id='word_1_50' title='bbox 1129 1133 1204 1194; x_wconf 89' lang='lat' dir='ltr'>esse</span> <span class='ocrx_word' id='word_1_51' title='bbox 1227 1119 1364 1178; x_wconf 89' lang='lat' dir='ltr'>constat.</span> 
     </span>
     <span class='ocr_line' id='line_1_9' title="bbox 229 1213 1365 1303; baseline 0.004 -28"><span class='ocrx_word' id='word_1_52' title='bbox 229 1213 431 1277; x_wconf 89' lang='lat' dir='ltr'>Percurratis</span> <span class='ocrx_word' id='word_1_53' title='bbox 462 1213 560 1276; x_wconf 92' lang='lat' dir='ltr'>miros</span> <span class='ocrx_word' id='word_1_54' title='bbox 594 1214 667 1277; x_wconf 88' lang='lat' dir='ltr'>illos</span> <span class='ocrx_word' id='word_1_55' title='bbox 703 1235 835 1295; x_wconf 87' lang='lat' dir='ltr'>versus,</span> <span class='ocrx_word' id='word_1_56' title='bbox 870 1253 910 1262; x_wconf 91' lang='lat'><em>-</em></span> <span class='ocrx_word' id='word_1_57' title='bbox 945 1222 982 1280; x_wconf 93' lang='lat' dir='ltr'>ut</span> <span class='ocrx_word' id='word_1_58' title='bbox 1017 1216 1085 1280; x_wconf 92' lang='lat' dir='ltr'>solo</span> <span class='ocrx_word' id='word_1_59' title='bbox 1117 1217 1178 1280; x_wconf 94' lang='lat' dir='ltr'>hoc</span> <span class='ocrx_word' id='word_1_60' title='bbox 1213 1217 1365 1303; x_wconf 86' lang='lat' dir='ltr'>exemplo</span> 
     </span>
     <span class='ocr_line' id='line_1_10' title="bbox 228 1315 1364 1404; baseline 0.005 -25"><span class='ocrx_word' id='word_1_61' title='bbox 228 1321 302 1381; x_wconf 89' lang='lat' dir='ltr'>utar</span> <span class='ocrx_word' id='word_1_62' title='bbox 326 1355 364 1364; x_wconf 97' lang='lat'>—</span> <span class='ocrx_word' id='word_1_63' title='bbox 389 1317 506 1401; x_wconf 92' lang='lat' dir='ltr'>quibus</span> <span class='ocrx_word' id='word_1_64' title='bbox 530 1315 759 1382; x_wconf 80' lang='lat' dir='ltr'>Christodorus</span> <span class='ocrx_word' id='word_1_65' title='bbox 773 1317 909 1383; x_wconf 89' lang='lat' dir='ltr'>Homeri</span> <span class='ocrx_word' id='word_1_66' title='bbox 930 1323 1072 1384; x_wconf 91' lang='lat' dir='ltr'>statuam</span> <span class='ocrx_word' id='word_1_67' title='bbox 1096 1319 1162 1404; x_wconf 86' lang='lat' dir='ltr'>(vv.</span> <span class='ocrx_word' id='word_1_68' title='bbox 1179 1323 1215 1383; x_wconf 85' lang='lat'>31</span> <span class='ocrx_word' id='word_1_69' title='bbox 1228 1320 1364 1403; x_wconf 86' lang='grc'>1-350)</span> 
     </span>
     <span class='ocr_line' id='line_1_11' title="bbox 230 1419 1365 1507; baseline 0.004 -24"><span class='ocrx_word' id='word_1_70' title='bbox 230 1419 424 1506; x_wconf 88' lang='lat' dir='ltr'>descripsit,</span> <span class='ocrx_word' id='word_1_71' title='bbox 452 1441 515 1504; x_wconf 91' lang='lat' dir='ltr'>quo</span> <span class='ocrx_word' id='word_1_72' title='bbox 543 1421 705 1485; x_wconf 90' lang='lat' dir='ltr'>neminem</span> <span class='ocrx_word' id='word_1_73' title='bbox 733 1421 881 1507; x_wconf 92' lang='lat' dir='ltr'>pluribus</span> <span class='ocrx_word' id='word_1_74' title='bbox 909 1423 1055 1487; x_wconf 90' lang='lat' dir='ltr'>versibus</span> <span class='ocrx_word' id='word_1_75' title='bbox 1088 1424 1267 1489; x_wconf 86' lang='lat' dir='ltr'>exornavit.</span> <span class='ocrx_word' id='word_1_76' title='bbox 1312 1423 1365 1488; x_wconf 79' lang='lat' dir='ltr'>Ex</span> 
     </span>
     <span class='ocr_line' id='line_1_12' title="bbox 229 1523 1365 1608; baseline 0.002 -20"><span class='ocrx_word' id='word_1_77' title='bbox 229 1525 277 1588; x_wconf 90' lang='lat' dir='ltr'>eis</span> <span class='ocrx_word' id='word_1_78' title='bbox 301 1523 380 1588; x_wconf 87' lang='lat' dir='ltr'>satis</span> <span class='ocrx_word' id='word_1_79' title='bbox 395 1523 607 1608; x_wconf 87' lang='lat' dir='ltr'>intellegitur,</span> <span class='ocrx_word' id='word_1_80' title='bbox 631 1525 762 1608; x_wconf 91' lang='lat' dir='ltr'>quantis</span> <span class='ocrx_word' id='word_1_81' title='bbox 777 1525 954 1590; x_wconf 87' lang='lat' dir='ltr'>honoribus</span> <span class='ocrx_word' id='word_1_82' title='bbox 978 1531 1011 1589; x_wconf 89' lang='lat' dir='ltr'>et</span> <span class='ocrx_word' id='word_1_83' title='bbox 1033 1547 1111 1590; x_wconf 89' lang='lat' dir='ltr'>vere</span> <span class='ocrx_word' id='word_1_84' title='bbox 1134 1525 1251 1590; x_wconf 84' lang='lat' dir='ltr'>divinis</span> <span class='ocrx_word' id='word_1_85' title='bbox 1266 1527 1365 1591; x_wconf 87' lang='lat' dir='ltr'>etiam</span> 
     </span>
     <span class='ocr_line' id='line_1_13' title="bbox 228 1627 1365 1716; baseline 0.001 -24"><span class='ocrx_word' id='word_1_86' title='bbox 228 1627 402 1714; x_wconf 86' lang='lat' dir='ltr'>Byzantini</span> <span class='ocrx_word' id='word_1_87' title='bbox 417 1627 599 1691; x_wconf 87' lang='lat' dir='ltr'>Homerum</span> <span class='ocrx_word' id='word_1_88' title='bbox 614 1628 831 1694; x_wconf 84' lang='lat' dir='ltr'>oneraverint.</span> <span class='ocrx_word' id='word_1_89' title='bbox 878 1627 943 1693; x_wconf 81' lang='lat' dir='ltr'>Sed</span> <span class='ocrx_word' id='word_1_90' title='bbox 961 1629 1082 1694; x_wconf 93' lang='lat' dir='ltr'>scimus</span> <span class='ocrx_word' id='word_1_91' title='bbox 1106 1652 1149 1695; x_wconf 87' lang='lat' dir='ltr'>ex</span> <span class='ocrx_word' id='word_1_92' title='bbox 1172 1629 1365 1716; x_wconf 90' lang='lat' dir='ltr'>descriptio-</span> 
     </span>
     <span class='ocr_line' id='line_1_14' title="bbox 228 1725 1365 1818; baseline 0.002 -24"><span class='ocrx_word' id='word_1_93' title='bbox 228 1733 279 1795; x_wconf 88' lang='lat' dir='ltr'>nis</span> <span class='ocrx_word' id='word_1_94' title='bbox 314 1725 456 1797; x_wconf 90' lang='lat' dir='ltr'>carmine</span> <span class='ocrx_word' id='word_1_95' title='bbox 490 1731 629 1795; x_wconf 88' lang='lat' dir='ltr'>Paulum</span> <span class='ocrx_word' id='word_1_96' title='bbox 667 1735 700 1796; x_wconf 89' lang='lat' dir='ltr'>et</span> <span class='ocrx_word' id='word_1_97' title='bbox 727 1732 835 1816; x_wconf 90' lang='lat' dir='ltr'>ipsum</span> <span class='ocrx_word' id='word_1_98' title='bbox 865 1732 975 1816; x_wconf 90' lang='lat' dir='ltr'>poesis</span> <span class='ocrx_word' id='word_1_99' title='bbox 1006 1738 1133 1818; x_wconf 91' lang='lat' dir='ltr'>patrem</span> <span class='ocrx_word' id='word_1_100' title='bbox 1163 1753 1228 1798; x_wconf 91' lang='lat' dir='ltr'>nou</span> <span class='ocrx_word' id='word_1_101' title='bbox 1259 1733 1365 1797; x_wconf 93' lang='lat' dir='ltr'>solum</span> 
     </span>
     <span class='ocr_line' id='line_1_15' title="bbox 230 1833 1089 1921; baseline 0.003 -23"><span class='ocrx_word' id='word_1_102' title='bbox 230 1841 421 1900; x_wconf 87' lang='lat' dir='ltr'>veneratum</span> <span class='ocrx_word' id='word_1_103' title='bbox 446 1853 530 1915; x_wconf 87' lang='lat' dir='ltr'>esse,</span> <span class='ocrx_word' id='word_1_104' title='bbox 554 1833 587 1898; x_wconf 96' lang='lat' dir='ltr'>id</span> <span class='ocrx_word' id='word_1_105' title='bbox 610 1833 696 1919; x_wconf 93' lang='lat' dir='ltr'>quod</span> <span class='ocrx_word' id='word_1_106' title='bbox 720 1834 829 1898; x_wconf 85' lang='lat' dir='ltr'>elucet</span> <span class='ocrx_word' id='word_1_107' title='bbox 853 1855 896 1898; x_wconf 84' lang='lat' dir='ltr'>ex</span> <span class='ocrx_word' id='word_1_108' title='bbox 918 1856 948 1899; x_wconf 92' lang='lat' dir='ltr'>v.</span> <span class='ocrx_word' id='word_1_109' title='bbox 965 1838 1023 1898; x_wconf 86' lang='grc'>201</span> <span class='ocrx_word' id='word_1_110' title='bbox 1041 1857 1089 1921; x_wconf 92' lang='lat' dir='ltr'>sq.</span> 
     </span>
    </p>

    <p class='ocr_par' dir='ltr' id='par_1_4' title="bbox 334 1931 1245 2027">
     <span class='ocr_line' id='line_1_16' title="bbox 334 1931 1245 2027; baseline 0.002 -25"><span class='ocrx_word' id='word_1_111' title='bbox 334 1935 391 2002; x_wconf 83' lang='grc' dir='ltr'>καὶ</span> <span class='ocrx_word' id='word_1_112' title='bbox 412 1932 465 2015; x_wconf 89' lang='grc' dir='ltr'><strong><em>τίς</em></strong></span> <span class='ocrx_word' id='word_1_113' title='bbox 487 1931 713 2022; x_wconf 73' lang='grc' dir='ltr'><strong><em>ἓριγδοάποισι</em></strong></span> <span class='ocrx_word' id='word_1_114' title='bbox 735 1931 840 2017; x_wconf 78' lang='grc' dir='ltr'><strong><em>χανὼν</em></strong></span> <span class='ocrx_word' id='word_1_115' title='bbox 863 1932 1081 2020; x_wconf 80' lang='grc' dir='ltr'><strong><em>στομάτεσσιν</em></strong></span> <span class='ocrx_word' id='word_1_116' title='bbox 1098 1931 1245 2027; x_wconf 82' lang='grc' dir='ltr'><strong><em>Ὁμήρου</em></strong></span> 
     </span>
    </p>

    <p class='ocr_par' dir='ltr' id='par_1_5' title="bbox 229 2031 1368 3874">
     <span class='ocr_line' id='line_1_17' title="bbox 334 2031 1129 2125; baseline 0.003 -21"><span class='ocrx_word' id='word_1_117' title='bbox 334 2037 543 2125; x_wconf 82' lang='grc' dir='ltr'><strong><em>μαρμαρὲους</em></strong></span> <span class='ocrx_word' id='word_1_118' title='bbox 565 2039 725 2121; x_wconf 83' lang='grc' dir='ltr'><em>λειμῶνας</em></span> <span class='ocrx_word' id='word_1_119' title='bbox 747 2031 984 2119; x_wconf 76' lang='grc' dir='ltr'><strong><em>άολλισθέντας</em></strong></span> <span class='ocrx_word' id='word_1_120' title='bbox 1006 2033 1129 2122; x_wconf 85' lang='grc' dir='ltr'><strong><em>άείσει,·</em></strong></span> 
     </span>
     <span class='ocr_line' id='line_1_18' title="bbox 231 2142 1364 2212; baseline 0.004 -4"><span class='ocrx_word' id='word_1_121' title='bbox 231 2142 289 2208; x_wconf 88' lang='lat' dir='ltr'>sad</span> <span class='ocrx_word' id='word_1_122' title='bbox 320 2144 417 2208; x_wconf 91' lang='lat' dir='ltr'>etiam</span> <span class='ocrx_word' id='word_1_123' title='bbox 446 2143 621 2208; x_wconf 89' lang='lat' dir='ltr'>nonnullos</span> <span class='ocrx_word' id='word_1_124' title='bbox 651 2143 721 2207; x_wconf 89' lang='lat' dir='ltr'>eius</span> <span class='ocrx_word' id='word_1_125' title='bbox 752 2163 867 2208; x_wconf 84' lang='lat' dir='ltr'>versus</span> <span class='ocrx_word' id='word_1_126' title='bbox 898 2143 1071 2208; x_wconf 85' lang='lat' dir='ltr'>manifesto</span> <span class='ocrx_word' id='word_1_127' title='bbox 1095 2145 1255 2209; x_wconf 91' lang='lat' dir='ltr'>imitatum</span> <span class='ocrx_word' id='word_1_128' title='bbox 1279 2167 1364 2212; x_wconf 86' lang='lat' dir='ltr'>esse.</span> 
     </span>
     <span class='ocr_line' id='line_1_19' title="bbox 231 2245 1365 2333; baseline 0.002 -25"><span class='ocrx_word' id='word_1_129' title='bbox 231 2245 434 2332; x_wconf 80' lang='lat' dir='ltr'>Quamquam</span> <span class='ocrx_word' id='word_1_130' title='bbox 465 2247 587 2331; x_wconf 90' lang='lat' dir='ltr'>aliquot</span> <span class='ocrx_word' id='word_1_131' title='bbox 616 2245 657 2310; x_wconf 89' lang='lat' dir='ltr'>de</span> <span class='ocrx_word' id='word_1_132' title='bbox 680 2246 760 2310; x_wconf 92' lang='lat' dir='ltr'>locis</span> <span class='ocrx_word' id='word_1_133' title='bbox 784 2247 905 2331; x_wconf 87' lang='lat' dir='ltr'>ambigi</span> <span class='ocrx_word' id='word_1_134' title='bbox 927 2253 1046 2332; x_wconf 85' lang='lat' dir='ltr'>potest,</span> <span class='ocrx_word' id='word_1_135' title='bbox 1070 2248 1146 2333; x_wconf 92' lang='lat' dir='ltr'>quia</span> <span class='ocrx_word' id='word_1_136' title='bbox 1164 2248 1262 2312; x_wconf 88' lang='lat' dir='ltr'>etiarn</span> <span class='ocrx_word' id='word_1_137' title='bbox 1279 2247 1365 2333; x_wconf 91' lang='lat' dir='ltr'>apud</span> 
     </span>
     <span class='ocr_line' id='line_1_20' title="bbox 229 2347 1365 2435; baseline 0.004 -24"><span class='ocrx_word' id='word_1_138' title='bbox 229 2347 383 2412; x_wconf 91' lang='lat' dir='ltr'>Nonnum</span> <span class='ocrx_word' id='word_1_139' title='bbox 406 2349 553 2434; x_wconf 88' lang='lat' dir='ltr'>aliosque</span> <span class='ocrx_word' id='word_1_140' title='bbox 577 2354 692 2435; x_wconf 91' lang='lat' dir='ltr'>poetas</span> <span class='ocrx_word' id='word_1_141' title='bbox 716 2347 916 2431; x_wconf 68' lang='lat' dir='ltr'>occurrunt,</span> <span class='ocrx_word' id='word_1_142' title='bbox 933 2350 1043 2435; x_wconf 88' lang='lat' dir='ltr'>itaque</span> <span class='ocrx_word' id='word_1_143' title='bbox 1066 2351 1204 2415; x_wconf 91' lang='lat' dir='ltr'>Paulum</span> <span class='ocrx_word' id='word_1_144' title='bbox 1235 2373 1293 2416; x_wconf 91' lang='lat' dir='ltr'>eos</span> <span class='ocrx_word' id='word_1_145' title='bbox 1322 2375 1365 2417; x_wconf 88' lang='lat' dir='ltr'>ax</span> 
     </span>
     <span class='ocr_line' id='line_1_21' title="bbox 230 2451 1363 2539; baseline 0.004 -24"><span class='ocrx_word' id='word_1_146' title='bbox 230 2452 300 2539; x_wconf 91' lang='lat' dir='ltr'>ipso</span> <span class='ocrx_word' id='word_1_147' title='bbox 325 2452 470 2518; x_wconf 90' lang='lat' dir='ltr'>Homero</span> <span class='ocrx_word' id='word_1_148' title='bbox 493 2452 642 2517; x_wconf 87' lang='lat' dir='ltr'>hausisse</span> <span class='ocrx_word' id='word_1_149' title='bbox 660 2451 814 2517; x_wconf 90' lang='lat' dir='ltr'>contendi</span> <span class='ocrx_word' id='word_1_150' title='bbox 836 2453 959 2539; x_wconf 85' lang='lat' dir='ltr'>nequit.</span> <span class='ocrx_word' id='word_1_151' title='bbox 1003 2453 1099 2518; x_wconf 92' lang='lat' dir='ltr'>Pauli</span> <span class='ocrx_word' id='word_1_152' title='bbox 1115 2454 1178 2519; x_wconf 88' lang='lat' dir='ltr'>v.I</span> <span class='ocrx_word' id='word_1_153' title='bbox 1199 2457 1257 2520; x_wconf 89' lang='grc'>102</span> <span class='ocrx_word' id='word_1_154' title='bbox 1274 2455 1363 2520; x_wconf 90' lang='lat' dir='ltr'>clau-</span> 
     </span>
     <span class='ocr_line' id='line_1_22' title="bbox 232 2548 1365 2645; baseline 0 -23"><span class='ocrx_word' id='word_1_155' title='bbox 232 2559 318 2622; x_wconf 88' lang='lat' dir='ltr'>sula:</span> <span class='ocrx_word' id='word_1_156' title='bbox 342 2552 571 2622; x_wconf 76' lang='grc' dir='ltr'><strong><em>ἐπιπνείουσιν</em></strong></span> <span class='ocrx_word' id='word_1_157' title='bbox 596 2548 697 2645; x_wconf 80' lang='grc' dir='ltr'><strong><em>άῆτυι</em></strong></span> <span class='ocrx_word' id='word_1_158' title='bbox 719 2556 868 2642; x_wconf 87' lang='lat' dir='ltr'>profecta</span> <span class='ocrx_word' id='word_1_159' title='bbox 891 2563 943 2621; x_wconf 88' lang='lat' dir='ltr'>ost</span> <span class='ocrx_word' id='word_1_160' title='bbox 966 2578 1008 2622; x_wconf 85' lang='lat' dir='ltr'>ex</span> <span class='ocrx_word' id='word_1_161' title='bbox 1028 2556 1166 2623; x_wconf 90' lang='lat' dir='ltr'>Homeri</span> <span class='ocrx_word' id='word_1_162' title='bbox 1186 2557 1274 2624; x_wconf 72' lang='lat' dir='ltr'>our</span> <span class='ocrx_word' id='word_1_163' title='bbox 1292 2561 1365 2622; x_wconf 81' lang='lat'><strong>139:</strong></span> 
     </span>
     <span class='ocr_line' id='line_1_23' title="bbox 230 2651 1368 2748; baseline 0.002 -24"><span class='ocrx_word' id='word_1_164' title='bbox 230 2653 313 2738; x_wconf 83' lang='grc' dir='ltr'>εἰςὸ</span> <span class='ocrx_word' id='word_1_165' title='bbox 335 2683 372 2724; x_wconf 81' lang='grc' dir='ltr'>κε</span> <span class='ocrx_word' id='word_1_166' title='bbox 387 2695 427 2706; x_wconf 90' lang='grc'><strong>-</strong></span> <span class='ocrx_word' id='word_1_167' title='bbox 443 2655 661 2725; x_wconf 80' lang='grc' dir='ltr'><strong><em>ἑπιπνείωσιν</em></strong></span> <span class='ocrx_word' id='word_1_168' title='bbox 676 2651 790 2747; x_wconf 79' lang='grc' dir='ltr'><strong><em>άῆται,</em></strong></span> <span class='ocrx_word' id='word_1_169' title='bbox 815 2658 873 2724; x_wconf 91' lang='lat' dir='ltr'>sed</span> <span class='ocrx_word' id='word_1_170' title='bbox 896 2659 1012 2725; x_wconf 87' lang='lat' dir='ltr'>cadem</span> <span class='ocrx_word' id='word_1_171' title='bbox 1035 2660 1136 2726; x_wconf 88' lang='lat' dir='ltr'>verba</span> <span class='ocrx_word' id='word_1_172' title='bbox 1158 2662 1258 2726; x_wconf 90' lang='lat' dir='ltr'>etiam</span> <span class='ocrx_word' id='word_1_173' title='bbox 1281 2662 1368 2748; x_wconf 90' lang='lat' dir='ltr'>apud</span> 
     </span>
     <span class='ocr_line' id='line_1_24' title="bbox 230 2755 1366 2850; baseline 0.004 -24"><span class='ocrx_word' id='word_1_174' title='bbox 230 2763 384 2826; x_wconf 88' lang='lat' dir='ltr'>Nonnum</span> <span class='ocrx_word' id='word_1_175' title='bbox 414 2766 480 2847; x_wconf 74' lang='grc'>147,</span> <span class='ocrx_word' id='word_1_176' title='bbox 499 2766 579 2827; x_wconf 88' lang='grc'>362;</span> <span class='ocrx_word' id='word_1_177' title='bbox 611 2758 840 2828; x_wconf 78' lang='grc' dir='ltr'><strong><em>ἐπιπνείουσιν</em></strong></span> <span class='ocrx_word' id='word_1_178' title='bbox 863 2755 910 2847; x_wconf 89' lang='grc' dir='ltr'>ά.)</span> <span class='ocrx_word' id='word_1_179' title='bbox 942 2771 975 2828; x_wconf 91' lang='lat' dir='ltr'>et</span> <span class='ocrx_word' id='word_1_180' title='bbox 1003 2765 1084 2829; x_wconf 90' lang='lat' dir='ltr'>alios</span> <span class='ocrx_word' id='word_1_181' title='bbox 1107 2765 1271 2850; x_wconf 86' lang='lat' dir='ltr'>leguntur.</span> <span class='ocrx_word' id='word_1_182' title='bbox 1317 2766 1366 2832; x_wconf 81' lang='lat' dir='ltr'>Of.</span> 
     </span>
     <span class='ocr_line' id='line_1_25' title="bbox 232 2861 1366 2954; baseline 0.004 -25"><span class='ocrx_word' id='word_1_183' title='bbox 232 2864 315 2930; x_wconf 78' lang='lat' dir='ltr'>Gall.</span> <span class='ocrx_word' id='word_1_184' title='bbox 346 2865 456 2951; x_wconf 82' lang='lat' dir='ltr'>hymn.</span> <span class='ocrx_word' id='word_1_185' title='bbox 482 2865 531 2928; x_wconf 91' lang='lat' dir='ltr'>IV</span> <span class='ocrx_word' id='word_1_186' title='bbox 556 2867 630 2929; x_wconf 87' lang='grc'>318.</span> <span class='ocrx_word' id='word_1_187' title='bbox 659 2901 699 2912; x_wconf 83' lang='lat'>-</span> <span class='ocrx_word' id='word_1_188' title='bbox 728 2866 812 2954; x_wconf 88' lang='lat' dir='ltr'>Item</span> <span class='ocrx_word' id='word_1_189' title='bbox 840 2865 937 2930; x_wconf 91' lang='lat' dir='ltr'>Pauli</span> <span class='ocrx_word' id='word_1_190' title='bbox 964 2888 994 2930; x_wconf 82' lang='lat' dir='ltr'>v.</span> <span class='ocrx_word' id='word_1_191' title='bbox 1017 2867 1053 2930; x_wconf 95' lang='lat' dir='ltr'>II</span> <span class='ocrx_word' id='word_1_192' title='bbox 1072 2871 1131 2931; x_wconf 85' lang='grc'>104</span> <span class='ocrx_word' id='word_1_193' title='bbox 1160 2869 1275 2933; x_wconf 88' lang='lat' dir='ltr'>verba:</span> <span class='ocrx_word' id='word_1_194' title='bbox 1304 2861 1366 2933; x_wconf 86' lang='grc' dir='ltr'>άνὰ</span> 
     </span>
     <span class='ocr_line' id='line_1_26' title="bbox 232 2963 1366 3058; baseline 0.002 -24"><span class='ocrx_word' id='word_1_195' title='bbox 232 2963 368 3035; x_wconf 81' lang='grc' dir='ltr'><strong><em>δάσκιον</em></strong></span> <span class='ocrx_word' id='word_1_196' title='bbox 403 2963 479 3058; x_wconf 74' lang='grc' dir='ltr'><strong><em>ὕλην</em></strong></span> <span class='ocrx_word' id='word_1_197' title='bbox 516 2975 648 3056; x_wconf 89' lang='lat' dir='ltr'>practer</span> <span class='ocrx_word' id='word_1_198' title='bbox 681 2967 861 3033; x_wconf 89' lang='lat' dir='ltr'>Homerum</span> <span class='ocrx_word' id='word_1_199' title='bbox 896 2968 1011 3053; x_wconf 82' lang='lat' dir='ltr'>(Ode</span> <span class='ocrx_word' id='word_1_200' title='bbox 1040 2973 1101 3034; x_wconf 85' lang='grc'>470</span> <span class='ocrx_word' id='word_1_201' title='bbox 1123 2969 1200 3057; x_wconf 90' lang='lat' dir='ltr'>etc.)</span> <span class='ocrx_word' id='word_1_202' title='bbox 1229 2971 1366 3036; x_wconf 79' lang='lat' dir='ltr'>Nomius</span> 
     </span>
     <span class='ocr_line' id='line_1_27' title="bbox 232 3071 1366 3159; baseline 0.003 -23"><span class='ocrx_word' id='word_1_203' title='bbox 232 3072 298 3158; x_wconf 84' lang='grc'>(20,</span> <span class='ocrx_word' id='word_1_204' title='bbox 317 3073 406 3159; x_wconf 83' lang='grc'>279),</span> <span class='ocrx_word' id='word_1_205' title='bbox 431 3073 600 3138; x_wconf 80' lang='lat' dir='ltr'>(lolluthus</span> <span class='ocrx_word' id='word_1_206' title='bbox 624 3073 701 3158; x_wconf 85' lang='grc'>(352</span> <span class='ocrx_word' id='word_1_207' title='bbox 718 3072 829 3156; x_wconf 86' lang='lat' dir='ltr'>Abel),</span> <span class='ocrx_word' id='word_1_208' title='bbox 853 3071 1023 3158; x_wconf 92' lang='lat' dir='ltr'>Oppianus</span> <span class='ocrx_word' id='word_1_209' title='bbox 1047 3072 1145 3159; x_wconf 76' lang='lat' dir='ltr'>(Cyn.</span> <span class='ocrx_word' id='word_1_210' title='bbox 1162 3074 1284 3159; x_wconf 78' lang='lat'>11530)</span> <span class='ocrx_word' id='word_1_211' title='bbox 1308 3095 1366 3140; x_wconf 85' lang='lat' dir='ltr'>ex-</span> 
     </span>
     <span class='ocr_line' id='line_1_28' title="bbox 231 3175 1366 3263; baseline 0.001 -21"><span class='ocrx_word' id='word_1_212' title='bbox 231 3178 356 3244; x_wconf 90' lang='lat' dir='ltr'>hibent.</span> <span class='ocrx_word' id='word_1_213' title='bbox 400 3177 571 3263; x_wconf 82' lang='lat' dir='ltr'>Frequens</span> <span class='ocrx_word' id='word_1_214' title='bbox 607 3176 707 3262; x_wconf 84' lang='lat' dir='ltr'>igitur</span> <span class='ocrx_word' id='word_1_215' title='bbox 739 3175 802 3240; x_wconf 94' lang='lat' dir='ltr'>hoc</span> <span class='ocrx_word' id='word_1_216' title='bbox 836 3175 960 3240; x_wconf 90' lang='lat' dir='ltr'>dictum</span> <span class='ocrx_word' id='word_1_217' title='bbox 996 3183 1066 3241; x_wconf 91' lang='lat' dir='ltr'>erat</span> <span class='ocrx_word' id='word_1_218' title='bbox 1102 3178 1147 3241; x_wconf 86' lang='lat' dir='ltr'>in</span> <span class='ocrx_word' id='word_1_219' title='bbox 1170 3179 1366 3244; x_wconf 88' lang='lat' dir='ltr'>carminibus</span> 
     </span>
     <span class='ocr_line' id='line_1_29' title="bbox 233 3269 1365 3367; baseline -0.002 -21"><span class='ocrx_word' id='word_1_220' title='bbox 233 3281 345 3367; x_wconf 87' lang='lat' dir='ltr'>epicis,</span> <span class='ocrx_word' id='word_1_221' title='bbox 362 3301 427 3345; x_wconf 93' lang='lat' dir='ltr'>non</span> <span class='ocrx_word' id='word_1_222' title='bbox 440 3280 545 3344; x_wconf 91' lang='lat' dir='ltr'>minus</span> <span class='ocrx_word' id='word_1_223' title='bbox 560 3299 655 3364; x_wconf 91' lang='lat' dir='ltr'>quam</span> <span class='ocrx_word' id='word_1_224' title='bbox 668 3278 769 3342; x_wconf 90' lang='lat' dir='ltr'>verba</span> <span class='ocrx_word' id='word_1_225' title='bbox 778 3269 935 3359; x_wconf 81' lang='grc' dir='ltr'><strong><em>αι’·χενίων</em></strong></span> <span class='ocrx_word' id='word_1_226' title='bbox 945 3315 988 3326; x_wconf 95' lang='grc'>-</span> <span class='ocrx_word' id='word_1_227' title='bbox 999 3273 1154 3344; x_wconf 82' lang='grc' dir='ltr'><strong><em>τενόντων</em></strong></span> <span class='ocrx_word' id='word_1_228' title='bbox 1164 3279 1216 3365; x_wconf 89' lang='grc' dir='ltr'>(Ρ.</span> <span class='ocrx_word' id='word_1_229' title='bbox 1230 3280 1365 3364; x_wconf 78' lang='lat'>11280),</span> 
     </span>
     <span class='ocr_line' id='line_1_30' title="bbox 232 3376 1367 3470; baseline 0.002 -22"><span class='ocrx_word' id='word_1_230' title='bbox 232 3406 315 3470; x_wconf 93' lang='lat' dir='ltr'>quae</span> <span class='ocrx_word' id='word_1_231' title='bbox 340 3383 546 3470; x_wconf 88' lang='lat' dir='ltr'>repperimus</span> <span class='ocrx_word' id='word_1_232' title='bbox 569 3384 602 3446; x_wconf 90' lang='lat' dir='ltr'>in</span> <span class='ocrx_word' id='word_1_233' title='bbox 625 3381 723 3447; x_wconf 91' lang='lat' dir='ltr'>Hom.</span> <span class='ocrx_word' id='word_1_234' title='bbox 741 3380 800 3448; x_wconf 92' lang='lat' dir='ltr'>Od.</span> <span class='ocrx_word' id='word_1_235' title='bbox 821 3386 917 3467; x_wconf 73' lang='lat'>7450</span> <span class='ocrx_word' id='word_1_236' title='bbox 942 3376 1106 3466; x_wconf 82' lang='grc' dir='ltr'><strong><em>(τενόντας</em></strong></span> <span class='ocrx_word' id='word_1_237' title='bbox 1129 3376 1310 3469; x_wconf 78' lang='grc' dir='ltr'><strong><em>αὐχενίους)</em></strong></span> <span class='ocrx_word' id='word_1_238' title='bbox 1334 3391 1367 3450; x_wconf 86' lang='lat' dir='ltr'>et</span> 
     </span>
     <span class='ocr_line' id='line_1_31' title="bbox 234 3479 1367 3576; baseline 0 -22"><span class='ocrx_word' id='word_1_239' title='bbox 234 3489 320 3576; x_wconf 90' lang='lat' dir='ltr'>apud</span> <span class='ocrx_word' id='word_1_240' title='bbox 332 3489 437 3554; x_wconf 88' lang='lat' dir='ltr'>Noun.</span> <span class='ocrx_word' id='word_1_241' title='bbox 455 3493 506 3568; x_wconf 82' lang='grc'>44,</span> <span class='ocrx_word' id='word_1_242' title='bbox 522 3491 581 3552; x_wconf 86' lang='grc'>107</span> <span class='ocrx_word' id='word_1_243' title='bbox 595 3479 758 3570; x_wconf 80' lang='grc' dir='ltr'><strong><em>(αὖχένιον</em></strong></span> <span class='ocrx_word' id='word_1_244' title='bbox 773 3483 810 3550; x_wconf 81' lang='grc' dir='ltr'>δὲ</span> <span class='ocrx_word' id='word_1_245' title='bbox 822 3483 970 3566; x_wconf 82' lang='grc' dir='ltr'><strong><em>τένοντα)</em></strong></span> <span class='ocrx_word' id='word_1_246' title='bbox 982 3493 1016 3552; x_wconf 84' lang='lat' dir='ltr'>et</span> <span class='ocrx_word' id='word_1_247' title='bbox 1027 3487 1113 3572; x_wconf 90' lang='lat' dir='ltr'>apud</span> <span class='ocrx_word' id='word_1_248' title='bbox 1126 3487 1312 3575; x_wconf 89' lang='lat' dir='ltr'>Oppianum</span> <span class='ocrx_word' id='word_1_249' title='bbox 1325 3489 1367 3555; x_wconf 92' lang='lat' dir='ltr'>al.</span> 
     </span>
     <span class='ocr_line' id='line_1_32' title="bbox 234 3582 1367 3678; baseline 0.001 -22"><span class='ocrx_word' id='word_1_250' title='bbox 234 3629 268 3641; x_wconf 92' lang='lat'>-</span> <span class='ocrx_word' id='word_1_251' title='bbox 297 3593 393 3658; x_wconf 90' lang='lat' dir='ltr'>Pauli</span> <span class='ocrx_word' id='word_1_252' title='bbox 416 3614 445 3658; x_wconf 87' lang='lat' dir='ltr'>v.</span> <span class='ocrx_word' id='word_1_253' title='bbox 470 3592 602 3657; x_wconf 79' lang='lat'>11438:</span> <span class='ocrx_word' id='word_1_254' title='bbox 632 3587 690 3655; x_wconf 86' lang='grc' dir='ltr'>καὶ</span> <span class='ocrx_word' id='word_1_255' title='bbox 718 3582 785 3676; x_wconf 81' lang='grc' dir='ltr'>ὀψὲ</span> <span class='ocrx_word' id='word_1_256' title='bbox 813 3585 932 3656; x_wconf 82' lang='grc' dir='ltr'><strong><em>δάοντα</em></strong></span> <span class='ocrx_word' id='word_1_257' title='bbox 965 3586 1101 3678; x_wconf 81' lang='grc' dir='ltr'><strong><em>Βοώτην</em></strong></span> <span class='ocrx_word' id='word_1_258' title='bbox 1127 3591 1265 3657; x_wconf 88' lang='lat' dir='ltr'>Homeri</span> <span class='ocrx_word' id='word_1_259' title='bbox 1295 3613 1367 3657; x_wconf 89' lang='lat' dir='ltr'>csse</span> 
     </span>
     <span class='ocr_line' id='line_1_33' title="bbox 232 3693 1366 3782; baseline -0.002 -20"><span class='ocrx_word' id='word_1_260' title='bbox 232 3719 330 3782; x_wconf 88' lang='lat' dir='ltr'>supra</span> <span class='ocrx_word' id='word_1_261' title='bbox 365 3697 508 3761; x_wconf 81' lang='lat' dir='ltr'>diximus</span> <span class='ocrx_word' id='word_1_262' title='bbox 544 3696 599 3779; x_wconf 86' lang='lat' dir='ltr'>(cf.</span> <span class='ocrx_word' id='word_1_263' title='bbox 624 3694 685 3760; x_wconf 92' lang='lat' dir='ltr'>Od.</span> <span class='ocrx_word' id='word_1_264' title='bbox 708 3718 724 3760; x_wconf 88' lang='grc' dir='ltr'><strong><em>ε</em></strong></span> <span class='ocrx_word' id='word_1_265' title='bbox 747 3693 833 3779; x_wconf 89' lang='grc'>272).</span> <span class='ocrx_word' id='word_1_266' title='bbox 892 3693 958 3760; x_wconf 83' lang='lat' dir='ltr'>Sed</span> <span class='ocrx_word' id='word_1_267' title='bbox 992 3696 1092 3778; x_wconf 83' lang='lat' dir='ltr'>etiam</span> <span class='ocrx_word' id='word_1_268' title='bbox 1122 3695 1278 3760; x_wconf 90' lang='lat' dir='ltr'>Musaeus</span> <span class='ocrx_word' id='word_1_269' title='bbox 1309 3695 1366 3760; x_wconf 94' lang='lat' dir='ltr'>illo</span> 
     </span>
     <span class='ocr_line' id='line_1_34' title="bbox 233 3797 1365 3874; baseline -0.003 -9"><span class='ocrx_word' id='word_1_270' title='bbox 233 3800 440 3866; x_wconf 87' lang='lat' dir='ltr'>hemistichio</span> <span class='ocrx_word' id='word_1_271' title='bbox 469 3820 548 3864; x_wconf 90' lang='lat' dir='ltr'>usus</span> <span class='ocrx_word' id='word_1_272' title='bbox 580 3804 646 3874; x_wconf 87' lang='lat' dir='ltr'>est,</span> <span class='ocrx_word' id='word_1_273' title='bbox 677 3819 752 3862; x_wconf 90' lang='lat' dir='ltr'>nam</span> <span class='ocrx_word' id='word_1_274' title='bbox 783 3803 875 3861; x_wconf 89' lang='lat' dir='ltr'>recta</span> <span class='ocrx_word' id='word_1_275' title='bbox 902 3797 1029 3862; x_wconf 91' lang='lat' dir='ltr'>videtur</span> <span class='ocrx_word' id='word_1_276' title='bbox 1056 3805 1150 3862; x_wconf 83' lang='lat' dir='ltr'>vetus</span> <span class='ocrx_word' id='word_1_277' title='bbox 1180 3798 1365 3864; x_wconf 89' lang='lat' dir='ltr'>emendatio</span> 
     </span>
    </p>
   </div>
   <div class='ocr_carea' id='block_1_3' title="bbox 230 3894 1367 4505">
    <p class='ocr_par' dir='ltr' id='par_1_6' title="bbox 230 3894 1367 4402">
     <span class='ocr_line' id='line_1_35' title="bbox 232 3894 1367 3988; baseline -0.002 -21"><span class='ocrx_word' id='word_1_278' title='bbox 232 3902 366 3968; x_wconf 78' lang='lat' dir='ltr'>(lauteri</span> <span class='ocrx_word' id='word_1_279' title='bbox 388 3924 417 3968; x_wconf 86' lang='lat' dir='ltr'>r.</span> <span class='ocrx_word' id='word_1_280' title='bbox 436 3905 514 3966; x_wconf 79' lang='lat'>213:</span> <span class='ocrx_word' id='word_1_281' title='bbox 538 3894 598 3967; x_wconf 80' lang='grc' dir='ltr'>οὐκ</span> <span class='ocrx_word' id='word_1_282' title='bbox 620 3895 687 3987; x_wconf 80' lang='grc' dir='ltr'>ὀψὲ</span> <span class='ocrx_word' id='word_1_283' title='bbox 709 3894 828 3966; x_wconf 82' lang='grc' dir='ltr'><strong><em>δύοντα</em></strong></span> <span class='ocrx_word' id='word_1_284' title='bbox 850 3895 994 3988; x_wconf 80' lang='grc' dir='ltr'><strong><em>Βοώτην.</em></strong></span> <span class='ocrx_word' id='word_1_285' title='bbox 1016 3937 1058 3948; x_wconf 95' lang='grc'>-</span> <span class='ocrx_word' id='word_1_286' title='bbox 1081 3901 1119 3965; x_wconf 93' lang='lat' dir='ltr'>P.</span> <span class='ocrx_word' id='word_1_287' title='bbox 1136 3922 1165 3965; x_wconf 92' lang='lat' dir='ltr'>a.</span> <span class='ocrx_word' id='word_1_288' title='bbox 1182 3905 1238 3965; x_wconf 85' lang='grc'>131</span> <span class='ocrx_word' id='word_1_289' title='bbox 1265 3901 1367 3966; x_wconf 88' lang='lat' dir='ltr'>verba</span> 
     </span>
     <span class='ocr_line' id='line_1_36' title="bbox 232 4003 1366 4093; baseline -0.004 -20"><span class='ocrx_word' id='word_1_290' title='bbox 232 4003 373 4093; x_wconf 75' lang='grc' dir='ltr'><strong><em>ἐυξέστῳ</em></strong></span> <span class='ocrx_word' id='word_1_291' title='bbox 396 4004 454 4072; x_wconf 78' lang='grc' dir='ltr'>ἐπὶ</span> <span class='ocrx_word' id='word_1_292' title='bbox 476 4007 580 4092; x_wconf 75' lang='grc' dir='ltr'>βωμῷ</span> <span class='ocrx_word' id='word_1_293' title='bbox 609 4005 699 4070; x_wconf 83' lang='lat' dir='ltr'>varie</span> <span class='ocrx_word' id='word_1_294' title='bbox 721 4009 846 4069; x_wconf 88' lang='lat' dir='ltr'>mutata</span> <span class='ocrx_word' id='word_1_295' title='bbox 868 4004 956 4090; x_wconf 89' lang='lat' dir='ltr'>apud</span> <span class='ocrx_word' id='word_1_296' title='bbox 979 4026 1092 4070; x_wconf 90' lang='lat' dir='ltr'>omnes</span> <span class='ocrx_word' id='word_1_297' title='bbox 1117 4005 1226 4091; x_wconf 88' lang='lat' dir='ltr'>epicos</span> <span class='ocrx_word' id='word_1_298' title='bbox 1249 4010 1366 4091; x_wconf 90' lang='lat' dir='ltr'>poetas</span> 
     </span>
     <span class='ocr_line' id='line_1_37' title="bbox 231 4103 1365 4195; baseline -0.003 -20"><span class='ocrx_word' id='word_1_299' title='bbox 231 4111 307 4175; x_wconf 90' lang='lat' dir='ltr'>inde</span> <span class='ocrx_word' id='word_1_300' title='bbox 331 4110 373 4174; x_wconf 90' lang='lat' dir='ltr'>ab</span> <span class='ocrx_word' id='word_1_301' title='bbox 396 4109 541 4174; x_wconf 91' lang='lat' dir='ltr'>Homero</span> <span class='ocrx_word' id='word_1_302' title='bbox 565 4107 621 4193; x_wconf 84' lang='lat' dir='ltr'>(cl.</span> <span class='ocrx_word' id='word_1_303' title='bbox 647 4109 678 4172; x_wconf 88' lang='grc' dir='ltr'><strong>Ω</strong></span> <span class='ocrx_word' id='word_1_304' title='bbox 693 4110 750 4171; x_wconf 90' lang='grc'>271</span> <span class='ocrx_word' id='word_1_305' title='bbox 779 4103 918 4194; x_wconf 77' lang='grc' dir='ltr'><strong><em>ἐυξέστῳ</em></strong></span> <span class='ocrx_word' id='word_1_306' title='bbox 941 4105 1001 4173; x_wconf 76' lang='grc' dir='ltr'>ἐπὶ</span> <span class='ocrx_word' id='word_1_307' title='bbox 1023 4109 1115 4195; x_wconf 75' lang='grc' dir='ltr'><strong><em>ῥυμῷ</em></strong></span> <span class='ocrx_word' id='word_1_308' title='bbox 1137 4107 1215 4192; x_wconf 79' lang='lat' dir='ltr'>etc.)</span> <span class='ocrx_word' id='word_1_309' title='bbox 1240 4107 1365 4194; x_wconf 91' lang='lat' dir='ltr'>saepis-</span> 
     </span>
     <span class='ocr_line' id='line_1_38' title="bbox 232 4206 1366 4300; baseline -0.004 -21"><span class='ocrx_word' id='word_1_310' title='bbox 232 4215 311 4279; x_wconf 86' lang='lat' dir='ltr'>sime</span> <span class='ocrx_word' id='word_1_311' title='bbox 345 4214 508 4298; x_wconf 85' lang='lat' dir='ltr'>leguntur.</span> <span class='ocrx_word' id='word_1_312' title='bbox 554 4210 605 4276; x_wconf 81' lang='lat' dir='ltr'>Of.</span> <span class='ocrx_word' id='word_1_313' title='bbox 628 4211 668 4276; x_wconf 90' lang='lat' dir='ltr'>N.</span> <span class='ocrx_word' id='word_1_314' title='bbox 695 4211 824 4292; x_wconf 88' lang='lat'>13,118</span> <span class='ocrx_word' id='word_1_315' title='bbox 853 4206 1042 4299; x_wconf 68' lang='grc' dir='ltr'><strong><em>ἀνδροφόνου</em></strong></span> <span class='ocrx_word' id='word_1_316' title='bbox 1072 4206 1165 4294; x_wconf 83' lang='grc' dir='ltr'><strong><em>παρὰ</em></strong></span> <span class='ocrx_word' id='word_1_317' title='bbox 1187 4213 1300 4300; x_wconf 75' lang='grc' dir='ltr'>βωμῷ.</span> <span class='ocrx_word' id='word_1_318' title='bbox 1324 4249 1366 4261; x_wconf 94' lang='grc'>-</span> 
     </span>
     <span class='ocr_line' id='line_1_39' title="bbox 230 4316 972 4402; baseline -0.007 -19"><span class='ocrx_word' id='word_1_319' title='bbox 230 4318 425 4384; x_wconf 90' lang='lat' dir='ltr'>Praeclarae</span> <span class='ocrx_word' id='word_1_320' title='bbox 448 4317 535 4382; x_wconf 92' lang='lat' dir='ltr'>illius</span> <span class='ocrx_word' id='word_1_321' title='bbox 557 4316 719 4402; x_wconf 90' lang='lat' dir='ltr'>imaginis,</span> <span class='ocrx_word' id='word_1_322' title='bbox 743 4336 839 4400; x_wconf 91' lang='lat' dir='ltr'>quam</span> <span class='ocrx_word' id='word_1_323' title='bbox 862 4337 892 4382; x_wconf 88' lang='lat' dir='ltr'>a.</span> <span class='ocrx_word' id='word_1_324' title='bbox 910 4318 972 4378; x_wconf 88' lang='grc'>222</span> 
     </span>
    </p>

    <p class='ocr_par' dir='ltr' id='par_1_7' title="bbox 376 4412 1230 4505">
     <span class='ocr_line' id='line_1_40' title="bbox 376 4412 1230 4505; baseline -0.004 -19"><span class='ocrx_word' id='word_1_325' title='bbox 376 4414 507 4505; x_wconf 82' lang='grc' dir='ltr'><strong><em>νάματα</em></strong></span> <span class='ocrx_word' id='word_1_326' title='bbox 529 4417 705 4504; x_wconf 83' lang='grc' dir='ltr'><strong><em>κινυμένων</em></strong></span> <span class='ocrx_word' id='word_1_327' title='bbox 728 4413 941 4504; x_wconf 76' lang='grc' dir='ltr'><strong><em>περιάγνυται</em></strong></span> <span class='ocrx_word' id='word_1_328' title='bbox 964 4412 1094 4484; x_wconf 70' lang='lat' dir='ltr'>doncro</span> <span class='ocrx_word' id='word_1_329' title='bbox 1118 4413 1230 4505; x_wconf 78' lang='grc' dir='ltr'><strong><em>δήμων</em></strong></span> 
     </span>
    </p>
   </div>
   <div class='ocr_carea' id='block_1_4' title="bbox 0 0 1621 4946">
    <p class='ocr_par' dir='ltr' id='par_1_8' title="bbox 0 0 1621 4946">
     <span class='ocr_line' id='line_1_41' title="bbox 0 0 1621 4946; baseline 0 0"><span class='ocrx_word' id='word_1_330' title='bbox 0 0 1621 4946; x_wconf 95' lang='lat' dir='ltr'> </span> 
     </span>
    </p>
   </div>
  </div>
 </body>
</html>
