3224 4946
672 314 886 374 ..49-

211 485 332 547 veritus
347 488 406 549 est.
436 481 484 546 Of.
496 482 528 547 V
541 485 614 562 275,
625 485 644 545 5
656 505 662 546 :
679 473 699 570 ἡ
713 483 797 560 παῖς
809 479 845 561 ἒξ
861 474 990 547 ῦπνοιο.
1003 481 1133 546 ssddd.
1146 517 1187 530 -·
1203 480 1252 547 VI
1263 485 1346 562 54‚1:

210 581 268 651 τὸν
309 585 449 667 χαλκοῦν
483 582 624 671 τέττιγα.
660 584 818 660 ssd'dd;
862 585 1072 671 eiusdemque
1111 587 1235 650 formae
1273 591 1350 649 sunt

211 690 329 772 Visa,
347 694 376 755 5.
401 692 452 772 84,
471 692 499 754 7.
524 689 680 770 vllam,
698 689 947 771 3.-V157‚5
970 689 1342 770 ssdsd.-V230,l

211 793 418 858 Ludwichius
444 792 543 877 (Mus.
565 792 627 858 Rh.
652 792 731 856 XLI
753 815 784 878 p.
802 796 865 857 594
882 794 944 879 sq.)
968 794 1154 859 emendavit
1177 795 1299 859 codicis

358 896 478 984 χρυσῆς
500 889 682 982 εἶρῦσσασα
704 891 785 978 μίαν
806 891 902 981 τρίχα
924 894 1035 982 Δωρὶς
1057 893 1189 985 ἒθείρης

211 1001 244 1063 in
266 995 415 1086 χροσείης
433 993 586 1085 έρῦσασα,
612 999 781 1064 adiectivis
806 1019 934 1086 semper
955 993 1089 1084 χρύσεος
1112 1006 1168 1064 ant
1189 1001 1347 1085 χροσεῖος,

212 1123 388 1187 numquam
410 1101 548 1188 χρυσοῦς
571 1123 667 1166 usum
691 1124 765 1167 esse
785 1103 926 1166 Paulum
946 1125 1093 1168 monens.
1116 1141 1158 1150 -
1181 1103 1292 1168 Etiam
1315 1103 1348 1165 in

212 1205 297 1290 pede
313 1205 386 1285 ΠΙ,
418 1226 515 1290 quem
536 1210 647 1291 pocta
673 1206 715 1268 in*
738 1206 889 1291 ecphrasi
917 1207 1030 1291 utique
1053 1207 1252 1290 dactylicum
1280 1226 1347 1269 ser-

149 1393 151 1397 ·
212 1309 321 1390 vabat,
339 1309 501 1394 spondeus
519 1315 628 1374 exstat
643 1309 677 1372 in
694 1308 734 1372 A.
750 1309 788 1375 Ρ.
803 1309 835 1373 V
852 1311 924 1391 228,
941 1313 975 1372 5:
1001 1302 1146 1393 ’όμμασιν
1169 1299 1219 1388 οἷς
1236 1302 1348 1374 ‘Podd-

212 1436 278 1497 πην
306 1404 343 1476 οῦ
373 1410 530 1498 δέρκομαι
559 1419 616 1476 ant
644 1415 717 1494 279,
736 1416 755 1474 3
777 1409 913 1500 κραδίης
935 1408 1069 1498 πορσός.
1099 1450 1141 1459 -
1170 1413 1348 1477 Maximam

213 1521 321 1579 autem
356 1517 522 1580 licentiam
557 1515 693 1580 exhibet
726 1515 767 1581 A.
791 1517 828 1582 P.
851 1516 901 1580 VI
918 1519 1011 1598 75,3
1048 1517 1153 1582 tribus
1187 1516 1348 1580 continuis

213 1619 366 1705 spondeis
390 1620 556 1684 admissis:

296 1716 427 1791 Οῦποτε
448 1719 509 1810 γὰρ
531 1717 698 1810 πλαγκτὸς
719 1725 818 1811 χαρῦς
839 1722 956 1805 ἐξᾶλτο
979 1720 1113 1810 κεραίας

368 1823 419 1906 ἰὸς
439 1827 507 1893 κτλ.

212 1929 297 2003 Quid
321 1953 397 1996 vero
415 1931 560 1996 dicamus
585 1931 625 1996 de
641 1931 804 1996 Nonniani
823 1932 909 1996 illius
925 1932 1154 2013 inconstantia,
1178 1932 1233 2016 qui
1249 1931 1347 1996 etiam
1381 1963 1383 1970 ·

211 2035 245 2098 in
269 2035 353 2121 pede
369 2034 409 2099 V.
428 2034 606 2121 spondeum
623 2055 748 2121 ponere
763 2056 862 2099 ausus
878 2041 947 2099 est?
993 2017 1146 2100 Fortasse
1158 2033 1347 2100 Ludwichio

212 2145 346 2204 auctore
370 2139 500 2202 veniam
525 2138 555 2202 ei
571 2137 735 2217 dabimus,
760 2137 845 2223 quod
868 2139 902 2202 in
925 2139 964 2203 A.
981 2138 1019 2204 P.
1041 2139 1072 2203 V
1088 2136 1161 2220 230,
1179 2141 1197 2200 7
1218 2157 1347 2202 versum

212 2235 471 2322 σπονδειάζονια
485 2242 665 2328 usurpavit.
710 2240 815 2306 Recte
832 2241 919 2306 enim
937 2242 987 2305 vir
1001 2242 1117 2307 doctus
1134 2241 1171 2328 (l.
1186 2243 1208 2308 l.
1224 2263 1255 2327 p.
1270 2239 1346 2324 599)

212 2344 413 2409 demonstrat
437 2351 554 2430 poetae
572 2344 671 2409 verba
692 2336 761 2410 ἀπὸ
776 2339 886 2429 τριχὸς
900 2337 1069 2432 ἠέρτημαι,
1094 2345 1211 2430 quibus
1234 2349 1347 2408 notum

210 2449 411 2534 exprimatur
442 2448 651 2534 proverbium
662 2447 702 2534 1),
735 2448 777 2512 ad
809 2454 934 2514 certum
966 2449 1154 2534 exemplum
1184 2453 1345 2534 spectare.

209 2553 364 2618 Fortasse
389 2553 471 2618 haec
493 2553 565 2640 ipsa
581 2553 683 2618 forma
698 2553 864 2639 proverbii
887 2554 921 2617 in
943 2575 1006 2618 usn
1028 2559 1109 2618 erat.
1154 2553 1204 2618 Ea
1220 2559 1346 2618 tantum

210 2657 398 2722 condicione
443 2657 694 2721 audacissimam
738 2657 904 2723 licentiam
949 2659 1100 2723 excusari
1136 2656 1346 2722 Ludwichius

209 2766 311 2845 putat.
337 2797 376 2806 —
400 2759 470 2825 Nec
493 2761 600 2824 minus
624 2762 786 2846 sagaciter
808 2762 857 2825 vir
879 2761 995 2826 doctus
1019 2761 1157 2826 alterum
1181 2761 1345 2848 epigram·

210 2869 332 2926 matum
365 2862 574 2926 Paulinorum
604 2884 735 2927 versum
764 2864 976 2949 spondiacum
1007 2863 1180 2928 demedio
1204 2863 1345 2943 sustulit,

209 2966 249 3028 A.
262 2951 355 3029 Plan.
370 2967 410 3027 57
420 2963 459 3049 2).
503 2965 703 3029 Rectissime
720 2967 807 3030 enirn
819 2967 971 3032 refutatis
989 2965 1185 3031 Gehrhardii
1201 2966 1345 3052 (lection.

209 3068 353 3154 Apollin.
370 3090 401 3154 p.
422 3067 498 3154 146)
516 3069 711 3134 coniecturis
728 3062 811 3134 ῦλλοί
834 3093 875 3153 με
896 3067 989 3158 τέχνη
1012 3078 1046 3136 et
1068 3063 1138 3136 ἀλλ’
1162 3063 1180 3136 ὁ
1203 3064 1347 3156 τεχνίτης

209 3172 305 3237 scribi
328 3172 432 3236 voluit
454 3163 538 3237 ἀλλά
560 3167 576 3236 ἑ
597 3169 699 3259 τέχνη,
727 3173 782 3258 qui
805 3173 914 3238 hiatus
937 3175 1067 3239 etiamsi
1089 3174 1209 3238 vitatur
1231 3174 1266 3236 in
1288 3173 1344 3237 de-

207 3275 384 3361 scriptione
407 3275 514 3357 Pauli,
539 3281 649 3342 tamen
672 3297 738 3341 non
763 3277 918 3342 abhorret
942 3299 961 3342 a
981 3277 1092 3343 Nonni
1115 3283 1185 3343 arte
1208 3276 1346 3342 metrica

206 3377 263 3464 (cf.
285 3379 370 3444 infra
392 3402 467 3466 pag.
484 3381 553 3465 58).
597 3379 742 3446 Maxime
765 3401 843 3446 vero
867 3380 1031 3446 stabilitur
1052 3381 1136 3446 haec
1158 3381 1345 3445 coniectura

207 3485 334 3552 duobus
366 3485 569 3552 Christodori
598 3488 679 3552 locis
709 3487 751 3552 A.
774 3487 811 3554 P.
834 3486 925 3553 1130
950 3493 983 3553 et
1006 3490 1057 3552 43.
1102 3479 1218 3552 ἆλλοίέ
1241 3483 1344 3574 τέχνη·

293 3587 429 3654 Duobus
472 3590 633 3654 continuis
670 3589 826 3677 spondeis
869 3591 968 3656 etiam
1005 3591 1039 3655 in
1074 3590 1344 3676 pentametris

205 3691 330 3756 Paulus
355 3694 417 3757 etsi
440 3695 569 3778 parcius
585 3714 664 3758 usus
688 3701 749 3759 est.
788 3693 837 3760 of.
861 3694 894 3759 V
909 3697 982 3776 258,
999 3698 1028 3759 2.
1052 3697 1124 3776 279,
1141 3697 1169 3758 6.
1193 3693 1343 3773 V175‚8

207 3796 408 3882 Saepissime
442 3802 551 3860 autem
581 3796 632 3862 his
663 3818 791 3884 quoque
821 3798 856 3861 in
883 3799 1032 3864 versibus
1064 3798 1168 3862 forma
1195 3796 1245 3860 ds
1264 3795 1269 3880 1
1291 3795 1344 3859 dd

157 3952 164 3966 .
207 3901 355 3965 occurrit.

297 4081 316 4148 ¹)
337 4079 376 4135 cf.
388 4077 525 4132 Duebner.
544 4077 573 4131 in
592 4078 625 4134 A.
636 4078 667 4133 P.
680 4078 706 4132 V
718 4077 770 4134 230
788 4079 852 4135 adn.
870 4081 899 4134 et
908 4079 1036 4134 Leutsch.
1051 4094 1172 4148 paroem.
1191 4095 1232 4147 gr.
1251 4077 1300 4147 Ip.
1310 4077 1344 4132 69
1386 4128 1388 4131 .

205 4165 240 4220 ad
259 4167 303 4220 47.
322 4195 354 4205 -
374 4165 517 4220 Plutarch.
536 4165 679 4234 Apophth.
698 4165 799 4221 Lacon.
818 4166 871 4221 234
894 4166 916 4220 l*
938 4161 971 4218 οῦ
988 4165 1115 4238 προσέχω
1134 4159 1295 4234 altaspata
1314 4163 1344 4217 έκ

205 4252 335 4322 σχοινίων
354 4246 539 4334 ἀπηρτημένῃ.
580 4251 719 4321 Apostolii
744 4252 823 4308 (lent.
841 4252 930 4308 11150
952 4248 1008 4304 ἆπῦ
1026 4252 1125 4305 λεπτοῦ
1146 4249 1227 4320 μίτον
1244 4249 1277 4304 τῦ
1294 4252 1344 4320 ζῆν

204 4343 373 4492 ηρτησξαῦί.
393 4424 523 4479 Zeitschr.
542 4423 561 4478 f.
580 4425 646 4480 dstr.
666 4424 765 4492 Gymn.
785 4424 860 4489 1878,
879 4442 906 4492 p.
916 4423 967 4478 487
980 4441 1019 4491 sq.

1169 4509 1187 4562 4
