3224 4946
680 288 913 349 —101-

229 457 340 520 oculos
366 457 575 521 obversatum
599 477 673 522 esse
696 477 801 542 paena
825 457 985 522 existimo.
1032 456 1122 520 Dicit
1145 457 1232 520 enim
1247 456 1368 520 Paulus

231 558 271 622 de
294 557 472 623 Anthemio
495 558 620 624 artifice
643 556 674 644 (I
689 559 777 642 136):

332 665 437 740 κεῖνος
460 655 541 750 ἀνὴρ
562 657 611 727 τὰ
632 661 769 748 πρῶνα
791 659 983 747 θεμείλια
1006 656 1139 751 recidero
1163 662 1249 748 νηοῦ.

228 767 281 832 De
304 767 439 834 licentia
460 767 597 834 metrica
620 766 810 852 supradixi
833 767 879 853 (p.
895 766 966 852 69);
997 767 1030 830 iu
1053 766 1226 852 permultis
1249 767 1366 830 carmi-

230 869 325 935 nibus
350 871 450 956 epicis
477 876 633 956 usurpata
656 876 718 937 est.
765 870 831 936 Sed
847 870 1069 936 Callimachus
1092 891 1132 935 ea
1159 891 1232 934 cum
1252 869 1368 934 eodem

231 974 436 1038 substantivo
461 973 634 1039 coniuncta
656 974 757 1038 utitur
781 974 882 1061 (hym.
905 974 941 1038 II
957 977 1031 1056 58):

332 1075 505 1164 τοτραίνης
525 1073 573 1143 τὰ
596 1078 734 1164 πρῶτα
757 1075 950 1163 θεμείλια
975 1081 1101 1163 Φοῖβος
1122 1071 1266 1165 ὑφαίνει.

231 1181 337 1256 euim
382 1182 469 1248 Num
491 1182 574 1248 forte
597 1183 744 1248 oblatum
766 1204 841 1248 esse
864 1183 951 1248 hunc
973 1204 1172 1248 consensum
1194 1188 1367 1268 putemus?

316 1285 363 1352 Ut
386 1285 485 1353 etiam
509 1285 705 1372 Orphica,
729 1307 813 1372 quae
836 1286 998 1368 dicuntur,
1021 1286 1162 1352 Paulum
1184 1285 1368 1351 noscitasse

231 1389 362 1474 opiner,
393 1389 497 1454 tribus
527 1389 656 1454 illorum
679 1391 857 1455 carminum
885 1391 965 1456 locis
989 1411 1197 1476 permoveor,
1230 1409 1366 1475 quorum

230 1493 353 1578 primus
369 1497 434 1558 stat
450 1493 484 1556 in
499 1493 630 1579 hymno,
646 1494 750 1578 quiin
762 1493 875 1558 Musas
892 1493 1033 1580 scriptus
1045 1498 1097 1558 est
1111 1491 1205 1577 (43,2
1221 1493 1367 1578 Η11111.);

386 1589 531 1684 Εὗνομίη
553 1621 589 1663 τε
611 1593 697 1685 Δίκη
720 1595 835 1664 τεκαὶ
858 1591 978 1686 Εἰρήνη
1000 1591 1175 1683 πολύολβε.

232 1697 414 1766 Of.P.15:
438 1695 558 1789 Εἰρήνη
579 1696 753 1786 wolcoldo,
776 1696 989 1790 τιθηνήτειρα
1005 1695 1149 1790 molliter,
1173 1720 1270 1786 quam
1295 1720 1367 1764 ver-

230 1803 345 1868 borum
368 1805 612 1890 colligationem
635 1827 742 1891 neque
767 1806 854 1892 apud
869 1805 1023 1870 Nonuum
1043 1825 1151 1890 neque
1176 1802 1265 1890 apud
1286 1803 1369 1868 alios

231 1907 309 1991 legi.
331 1943 373 1955 -
397 1907 499 1993 Orph.
522 1907 648 1993 Argon.
672 1913 734 1972 515
759 1908 830 1994 (H.)
864 1908 974 1974 verbis
1005 1903 1089 1996 μήνη
1116 1906 1145 1973 d’
1170 1899 1370 1992 ἆστροχίτων

233 2009 412 2076 similitudo
443 2010 602 2096 quaedam
640 2018 691 2078 est
719 2012 806 2076 haud
835 2013 956 2098 exigua
984 2033 1057 2076 cunr
1085 2012 1121 2078 P.
1145 2011 1181 2076 ΙΙ
1206 2013 1265 2076 183
1292 2007 1369 2096 μηνὶ

232 2108 453 2198 χρναοχίνωνι.
479 2151 518 2162 -
541 2113 694 2200 Denique
717 2115 781 2180 hae
803 2115 888 2180 duae
906 2137 1020 2181 versus
1035 2115 1202 2180 clausulae
1224 2115 1257 2178 in
1281 2135 1368 2178 com·

233 2217 438 2302 parationem
454 2223 630 2284 vocentur:
658 2218 759 2305 Orph.
779 2217 860 2304 Arg.
879 2221 953 2284 187:
977 2212 1168 2307 ἁλιστεφέος
1185 2219 1370 2301 Σαλαμῖνος

235 2327 268 2386 et
289 2320 327 2386 P.
349 2321 478 2386 11190:
503 2313 696 2408 ἁλιστεφέος
718 2317 940 2410 Προκονήσοα.

319 2425 358 2490 In
386 2424 649 2512 Triphiodori
662 2417 688 2510 1)’
720 2425 863 2491 carmine
890 2418 1005 2508 (Ἰλίου
1034 2420 1171 2504 ἅλωσις)
1206 2425 1270 2490 duo
1305 2425 1370 2490 loci

232 2531 397 2614 leguntur,
414 2550 496 2614 quos
509 2527 610 2593 etiam
622 2529 655 2594 iu
667 2528 764 2594 Pauli
777 2529 998 2616 descriptione
1014 2529 1206 2616 reperimus.
1244 2528 1300 2595 Tr.
1312 2531 1346 2592 11
1362 2551 1368 2591 :

234 2633 378 2700 nondum
394 2638 490 2719 capta
506 2639 577 2698 erat
593 2631 700 2714 Troia,
717 2625 917 2700 &alevernaco
935 2630 1162 2719 ἑαομβεβαοῖα
1177 2629 1368 2716 θεμέθλοις.

234 2737 270 2802 Ρ.
294 2737 368 2801 152
392 2737 432 2801 de
455 2737 545 2801 tholo
568 2737 635 2800 iam
657 2737 804 2823 perfecto
828 2737 920 2804 dicit:

367 2832 429 2929 ἤδη
452 2838 511 2924 μὲν
534 2843 746 2926 οθεναροῖοιν
767 2838 995 2926 ἐπεμβεβανῖα
1016 2834 1238 2926 θεμείίοιςί).

238 2942 416 3008 Praeterea
439 2942 493 3008 Tr.
512 2964 542 3008 v.
559 2945 640 3008 648:

367 3041 543 3124 Παλλάδος
565 3039 738 3133 ἇχροίντοιο
760 3045 843 3133 θεῆς
865 3037 932 3111 ὑπὸ
954 3045 1053 3130 γοῦνα
1075 3044 1251 3111 πεσοῦσαν.

234 3155 439 3236 comparetur
462 3171 536 3216 cum
558 3149 596 3216 P.
614 3149 746 3214 11277:

409 3239 453 3318 ὧν
475 3250 576 3336 μέσον
598 3245 770 3339 ἆχροίντοιο
793 3253 877 3318 θεοῦ
900 3247 1033 3338 δείκηλα
1054 3246 1208 3338 χαράξας.

322 3357 362 3422 In
380 3356 560 3422 Oolluthi
576 3363 692 3444 „raptu
708 3349 1271 3445 Η111111111(ἁρπαγὴτῆςἜίένης),
1287 3357 1370 3441 quod

235 3483 367 3528 carmen
403 3462 580 3528 Anastasio
616 3463 814 3548 imperatore
845 3462 966 3526 saeculi
990 3460 1050 3525 VI.
1080 3461 1170 3526 initio
1205 3459 1371 3528 eonditum

236 3573 296 3648 est,
319 3587 350 3633 v.
366 3569 426 3630 172
451 3565 583 3650 (Abel):

410 3663 521 3750 εἴξατέ
540 3691 599 3752 μοι
621 3665 783 3753 πολέμοιο
805 3661 976 3756 συνήθεας,
999 3661 1107 3746 eltnae
1129 3661 1219 3753 νίκης

237 3775 352 3840 eadem
365 3773 471 3858 figura
484 3771 648 3836 rhetorica
662 3775 847 3856 usurpatur,
863 3791 960 3856 quam
972 3768 1097 3834 Paulus
1108 3769 1242 3834 adhibet
1255 3767 1287 3855 (Ι
1303 3771 1370 3856 18);

397 3869 507 3955 ε’ίξατέ
527 3897 586 3958 μοι
605 3866 730 3960 Ῥώμης
751 3869 997 3954 nonaullam,
1021 3867 1129 3953 εἴξατε
1150 3873 1271 3962 φῆμαι.

326 4067 347 4136 1)
369 4064 586 4134 Triphiodorum
605 4079 676 4119 saec.
695 4064 734 4134 (p.
754 4062 817 4120 chr.
836 4062 874 4130 n.)
893 4061 926 4118 V.
945 4059 1048 4116 vixisse
1066 4059 1217 4117 verisimile
1236 4061 1285 4114 est.

324 4155 345 4222 ²)
365 4151 613 4208 Commemoranda
633 4152 676 4205 est
693 4148 849 4205 Werniekii
872 4147 1020 4202 adnotatio
1042 4147 1078 4201 ad
1096 4147 1191 4216 Triph.
1212 4163 1322 4202 versum
1338 4146 1371 4202 41

237 4240 342 4311 scripta
357 4240 396 4309 (p.
406 4238 463 4306 94):
483 4237 646 4304 „Homerica
665 4238 775 4291 tanturn
794 4235 880 4290 verba
893 4235 1033 4305 θέμεθλον
1050 4235 1079 4288 11
1096 4231 1238 4304 aspellam
1255 4236 1373 4304 usurpat

236 4329 429 4390 Nonnmnon
444 4325 656 4394 111οθέμειλον,
667 4323 742 4392 quod
751 4322 938 4379 recentiorum
949 4323 1095 4390 poetarum
1114 4320 1144 4374 in
1162 4319 1259 4390 primis
1277 4337 1372 4376 eorum

237 4417 287 4480 est,
307 4414 356 4483 qui
374 4412 503 4482 Byzantii
521 4411 609 4467 vitam
627 4411 760 4480 degentes
780 4409 904 4466 carmina
923 4408 1161 4476 composuerunt.“
1208 4449 1212 4456 .
