3224 4946
668 309 905 372 -103-

219 491 253 548 et
274 481 415 548 Paulum
438 483 478 548 A.
501 480 539 548 P.
562 481 594 546 V
610 483 683 562 293,
700 485 718 544 7
738 502 802 566 sq.:

322 599 509 692 Νηχόμενος
530 599 716 688 Λείανδρος
738 596 815 667 ὅσον
837 596 956 686 κράτος
978 598 1068 666 ἐστίν
1091 594 1217 686 ἐρώτων

448 703 589 772 δείκνυεν
611 701 755 788 ἑννοχίοο
778 699 924 789 κύματος
946 697 1005 771 οίνκ
1028 696 1159 789 ἀλέγων.

218 829 371 914 Denique
395 827 435 892 A.
452 827 489 893 P.
514 827 564 892 IX
581 829 640 892 381
667 827 819 892 versibus
843 847 885 890 ex
908 827 1052 892 Homero
1075 825 1224 912 repetitis
1244 824 1354 890 Herus

219 939 252 996 et
273 929 418 996 Leandri
441 952 531 996 amor
554 929 760 996 describitur.

306 1051 422 1138 Neque
446 1073 508 1136 ego
531 1051 632 1116 doctis
655 1051 732 1116 viris
756 1051 885 1116 Musaei
909 1057 1056 1136 tempora
1083 1050 1129 1114 sic
1152 1049 1354 1113 constituen-

220 1156 306 1219 tibus
329 1175 395 1218 non
412 1153 589 1235 adsentior,
612 1155 807 1240 praesertim
831 1176 903 1219 eum
926 1155 1014 1218 locos
1036 1153 1191 1238 quosdam
1218 1155 1353 1218 invene-

219 1259 290 1338 rim,
314 1257 430 1342 quibus
447 1258 587 1321 Paulum
602 1257 776 1323 Musaeum
794 1258 856 1322 sibi
878 1256 921 1322 ad
936 1257 1127 1322 imitandum
1143 1257 1354 1343 proposuisse

218 1369 308 1446 puto.
354 1362 511 1426 Musaeus
534 1360 575 1426 de
599 1360 689 1425 Hero
712 1360 791 1426 dicit
814 1359 858 1446 (v.
876 1361 947 1447 33):

316 1477 418 1571 ’Ἀλλη
442 1479 573 1569 Κύπρις
596 1475 724 1548 ἀνασοα
747 1479 955 1572 σαοφροσύνῃ
977 1481 1091 1550 τεκαὶ
1115 1479 1216 1564 αἰδοῖ,

220 1607 342 1671 Paulus
367 1613 478 1671 autem
500 1605 541 1670 de
565 1606 752 1692 patriarcha
773 1607 959 1672 venerando
981 1605 1108 1691 (11579
1125 1605 1203 1693 sq.):

324 1723 381 1790 καί
404 1721 465 1810 γάρ
488 1716 549 1788 ἀπ’
574 1717 699 1789 ὠδίνων
721 1745 758 1790 σε
780 1719 988 1812 οαοφροσίνη
1010 1748 1045 1790 τε
1067 1723 1124 1790 καί
1148 1721 1250 1803 αἰδώς

215 1909 220 1920 .
327 1824 464 1906 ἐλπίδος
487 1821 638 1913 οίρανίης
662 1823 766 1912 ίεραῖς
787 1822 909 1907 ξύνωοε
931 1823 1092 1912 πορείαις.

221 1951 295 2025 Qua
318 1972 361 2014 ex
375 1949 548 2014 verborum
565 1947 793 2013 coniunctione
809 1950 898 2013 nullo
922 1939 986 2013 alio
1002 1950 1074 2012 loco
1099 1970 1119 2012 a
1141 1971 1193 2014 me
1215 1955 1355 2035 reperta,

220 2055 372 2138 quoniam
407 2075 448 2117 ea
482 2053 613 2116 omnino
647 2073 712 2116 uon
747 2051 865 2116 cadere
900 2051 1029 2116 videtur
1061 2053 1094 2116 in
1125 2053 1229 2116 virum
1263 2053 1355 2116 illurn

220 2157 516 2239 „sanctissimum“,
533 2157 655 2242 optime
671 2177 749 2221 vero
771 2157 804 2220 in
820 2157 979 2242 virginem
997 2155 1187 2238 Sestimam,
1205 2157 1355 2242 equidem

220 2258 359 2324 Paulum
382 2260 464 2324 haec
487 2257 588 2325 verba
604 2259 740 2324 Musaeo
765 2260 886 2325 debere
909 2260 1075 2326 concludo.
1092 2298 1132 2308 —
1150 2259 1354 2326 Commemo-

205 2349 347 2428 ratione
371 2363 554 2448 dignissimi
576 2363 610 2427 hi
634 2383 763 2449 quoque
788 2369 863 2428 sunt
886 2385 1018 2428 versus:
1110 2373 1111 2377 ’
1237 2375 1238 2379 ’

263 2483 347 2550 Mus.
361 2487 423 2548 214
447 2476 484 2548 οὗ
507 2477 637 2570 δραοδν
657 2475 798 2569 Ὠρίωνα
820 2481 878 2548 καί
901 2476 1041 2569 ἀβροχον
1064 2476 1160 2549 δλκδν
1182 2476 1319 2573 ἀμάξης.

264 2587 302 2652 P.
326 2585 361 2650 Π
375 2588 437 2650 483
455 2607 501 2671 sq.
526 2579 624 2664 ἀλλος
646 2583 700 2651 ἀπ’
720 2578 861 2669 Ὠρίωνα
883 2583 940 2651 καὶ
964 2579 1103 2672 ἀβροχον
1118 2577 1213 2653 ὁλκὸν
1229 2579 1356 2675 ἀμάξης

530 2683 623 2775 λίμμα
646 2687 747 2779 φέρει.

222 2810 369 2885 Quorum
405 2812 547 2898 priorem
579 2816 707 2897 partem
740 2811 896 2876 Musaeus
931 2831 974 2874 ex
1007 2809 1115 2874 Nonni
1147 2809 1354 2898 Dionysiaois

220 2915 387 2999 excerpsit
414 2913 470 2999 (cf.
495 2918 546 2996 20,
564 2917 616 2979 83.
641 2920 692 2994 44,
709 2916 788 2977 305:
821 2905 859 2978 οδ
886 2907 1014 2999 θρασδν
1035 2907 1187 2998 Ὠρίωνα)
1218 2916 1355 2996 alteram

221 3040 263 3082 ex
287 3040 315 3082 v.
335 3021 386 3097 23,
400 3021 462 3081 295
486 3015 543 3082 καί
567 3010 706 3101 ἀβροχον
729 3009 824 3082 ὁλκὸν
846 3012 982 3104 ἀμάξης.
1033 3016 1222 3082 Coniunctio
1246 3025 1355 3083 autem

220 3120 335 3184 horum
371 3120 545 3186 verborum
578 3142 620 3185 ex
648 3120 776 3184 Musaei
807 3120 927 3209 epyllia
957 3125 994 3183 ut
1022 3119 1182 3205 videtur²)
1206 3121 1238 3186 iu
1261 3123 1356 3187 Pauli

220 3223 472 3310 descriptionem
483 3224 631 3288 derivata
643 3231 703 3290 est.
717 3261 751 3270 -
768 3223 947 3288 Praeterea
959 3231 1190 3311 comparentur
1207 3226 1291 3289 inter
1304 3248 1359 3315 ser

463 3343 548 3410 Mus.
566 3345 642 3408 315:
668 3335 815 3429 ἀνέγρετο
837 3337 1006 3408 παντόδεν
1028 3335 1096 3431 ἠχώ

462 3455 495 3512 et
517 3447 553 3514 P.
568 3469 596 3512 a.
614 3450 670 3511 20:
694 3439 858 3535 ἀκήρατος
880 3441 1006 3534 ἔγρεται
1029 3438 1107 3535 ἠχώ.

309 3567 462 3653 Denique
485 3569 584 3632 etiam
600 3569 815 3653 grammatica
831 3568 1060 3633 observatione
1082 3567 1222 3632 fortasse
1247 3587 1356 3654 corro-

220 3672 354 3736 boratur
386 3673 550 3736 sententia
580 3672 621 3737 de
643 3671 771 3736 Musaei
806 3670 1009 3758 temporibus
1043 3671 1187 3756 prolata;
1221 3691 1297 3735 nam
1328 3671 1355 3734 si

220 3782 308 3840 recte
339 3775 568 3840 animadvertit
590 3775 802 3840 Wernickius
831 3775 872 3840 de
902 3796 964 3840 usu
990 3775 1163 3838 verborum
1186 3771 1355 3858 θίμεθλον

221 3883 254 3941 et
276 3875 432 3960 δὲμειλον
455 3876 510 3962 (of.
534 3898 634 3964 supra
657 3899 733 3963 pag.
759 3880 813 3941 101
842 3876 916 3942 adn.
940 3875 990 3961 2),
1025 3877 1181 3941 Musaeus
1216 3898 1354 3964 quoque,

221 3982 298 4067 quia
327 3981 413 4066 apud
450 4003 524 4045 eum
558 3982 712 4045 inversu
736 3982 771 4044 71
803 3976 1068 4062 καλλιδίμεθλον
1095 3981 1231 4065 legitur,
1255 3983 1356 4046 aetati

310 4258 329 4323 ¹)
341 4255 517 4310 Sententiam
528 4257 623 4309 autem
636 4272 660 4309 v.
669 4255 720 4308 2¹3
730 4271 770 4323 sq.
784 4252 890 4307 Musaei
903 4250 1117 4321 comparandam
1132 4267 1190 4304 esse
1203 4269 1265 4306 curn
1275 4253 1355 4308 Ovid.

220 4342 283 4394 Her.
298 4342 377 4396 XVII
391 4343 441 4396 149
454 4360 523 4410 sqq„
542 4342 591 4410 qui
610 4359 704 4395 versus
723 4357 755 4394 ex
769 4341 866 4394 eodem
878 4341 956 4394 t'onte
969 4338 1157 4392 Alexandrino
1171 4343 1355 4405 emanassent,

220 4427 316 4481 docuit
333 4445 377 4481 me
397 4429 426 4481 Ο.
447 4427 626 4490 ltibbeckius,
644 4429 809 4494 praeceptor
827 4425 1082 4480 excellentissimus.
