3224 4946
680 259 895 324 -81-

305 433 468 498 Nimirum
492 433 525 497 in
542 431 769 517 descriptionis
784 432 932 496 versibus
948 433 1050 496 multo
1066 431 1254 517 diligentius
1278 453 1355 496 con-

220 537 306 617 ditis,
330 540 358 602 si
373 543 639 623 proparoxytona
661 537 694 598 in
711 535 777 599 tine
794 536 1026 616 invenerimus,
1049 556 1185 620 quorum
1208 535 1248 599 de
1272 535 1353 600 inte-

219 642 340 726 gritate
364 641 464 705 etiam
486 640 561 703 aliis
585 638 626 703 de
649 639 756 702 causis
772 637 923 702 dubitare
943 660 1107 724 cogamur,
1132 639 1259 702 odiosos
1283 637 1356 702 illos

220 745 310 808 locos
345 765 406 830 per
441 743 507 806 vim
535 764 579 806 ex
606 747 725 827 poetae
753 747 848 805 textu
878 743 1045 827 expellere
1067 763 1132 806 non
1163 742 1356 806 verebimur.

222 847 384 920 Quattuor
407 853 518 910 autem
541 846 627 908 tales
651 845 818 908 clausulae
839 844 989 909 editionis
1007 845 1200 910 Graefianae
1225 846 1257 909 in
1281 867 1357 910 cen-

224 973 297 1015 sum
319 951 470 1016 veniunt:
496 949 532 1012 Π
546 953 599 1014 59.
617 951 688 1013 133.
705 951 781 1011 277.
799 951 873 1014 523.

255 1047 257 1050 ’
311 1055 457 1129 Quarum
489 1074 533 1117 ex
562 1053 668 1116 altera
690 1050 834 1138 (11133)
862 1049 896 1116 ἓν
918 1045 1031 1116 άλσεσι
1055 1048 1300 1137 ὄενδροκόμοισι
1326 1053 1358 1116 in

222 1160 287 1223 fine
317 1157 492 1224 admodum
520 1157 677 1220 lacunosa
698 1154 839 1239 nequid
868 1155 1150 1236 concluderemus,
1173 1157 1237 1219 iarn
1262 1178 1360 1244 supra

223 1263 333 1326 monui
357 1263 403 1346 (p.
421 1259 487 1344 78).

310 1364 421 1429 Tertio
450 1368 561 1427 autem
595 1363 667 1431 loco
699 1359 868 1425 fastidioso
902 1361 950 1443 (ΙΙ
975 1365 1036 1425 276
1054 1361 1155 1448 sqq),
1183 1363 1236 1447 qui
1268 1363 1355 1448 apud

224 1469 390 1533 Graetium
414 1467 462 1531 sic
485 1465 620 1550 legitur:

793 1562 905 1652 χάλυψ
926 1563 1100 1656 κοιλήνατο
1123 1565 1265 1648 δίσκους,

331 1660 375 1738 ὧν
396 1668 498 1755 μέσον
520 1663 692 1757 άχράνσοιο
715 1671 798 1735 θεοῦ
821 1666 954 1757 δείκηλα
975 1667 1101 1758 χάραξ
1108 1697 1154 1738 αν
1176 1705 1228 1737 -ι

333 1776 382 1863 πῇ
403 1772 464 1858 μὲν
485 1767 689 1859 ἕνναιεράγων
710 1767 850 1859 στρατὸν
872 1768 979 1853 ἐξεσεν
1001 1767 1179 1861 ἀγγελιάων
1201 1775 1268 1841 κτλ.

227 1880 438 1944 Ludwichius
463 1877 640 1963 (anuphil.
655 1877 743 1958 CIX,
765 1899 795 1963 p.
812 1877 887 1961 452)
910 1872 1056 1964 χάραξαν
1077 1884 1363 1965 proparoxytonou

225 1984 258 2046 in
281 1983 488 2068 participium
510 1974 656 2065 χαράξας
679 1981 798 2064 corrigi
828 1981 942 2059 voluit,
972 2001 1066 2066 quam
1102 1982 1363 2047 emendationem

225 2089 289 2152 iam
319 2109 339 2152 a
367 2087 521 2151 Bekkero
553 2085 587 2148 in
618 2083 762 2148 editione
799 2084 893 2147 Pauli
926 2085 1127 2169 propositam
1158 2086 1362 2150 verisimilem

227 2212 301 2255 esse
330 2195 428 2254 antea
461 2188 587 2272 negavi.
645 2187 760 2272 Neque
789 2187 874 2250 enim
906 2189 1018 2272 putavi
1045 2196 1176 2273 poetam
1206 2209 1364 2253 summam

226 2313 343 2371 rerum,
356 2293 460 2377 ipsius
483 2291 560 2356 Iesu
577 2287 700 2354 Christi
721 2291 905 2375 imaginem,
929 2292 1099 2378 participio
1123 2297 1248 2356 tantum
1269 2314 1364 2357 usum

228 2397 321 2482 quasi
337 2396 559 2480 neglegenter
584 2393 828 2480 perstrinxisse,
853 2415 925 2459 cum
950 2415 1005 2458 eas
1029 2395 1159 2480 ligures,
1184 2417 1266 2481 quae
1283 2403 1364 2460 tam-

229 2520 325 2586 quam
356 2499 492 2564 comites
523 2499 556 2562 in
586 2503 723 2582 utroque
753 2497 858 2561 latere
886 2498 1015 2583 positae
1047 2505 1138 2579 sunt,
1172 2500 1307 2584 angelos
1333 2505 1365 2564 et

230 2603 408 2690 prophetas
426 2609 458 2668 et
471 2600 645 2688 apostolos,
657 2595 766 2664 verbis
783 2600 881 2664 finitis
897 2601 1107 2666 describeret.
1145 2603 1239 2668 Nunc
1256 2610 1365 2668 autem

230 2730 346 2774 omnes
374 2706 592 2771 dubitationes
619 2711 727 2770 tacere
755 2725 891 2771 necasse
915 2712 981 2786 cst,
1005 2728 1078 2770 narn
1102 2708 1135 2770 in
1159 2708 1230 2794 ipso
1253 2709 1365 2773 codice

232 2812 385 2878 Palatino
419 2809 624 2896 participium
657 2803 803 2894 χαράξας
836 2807 1089 2874 Stadtmuellero
1117 2815 1202 2875 teste
1236 2813 1364 2896 legitur.

230 2917 334 2982 Recte
364 2916 463 3000 igitur
488 2913 641 2978 viderunt
669 2913 718 2976 illi
747 2913 808 2976 viri
836 2913 1027 2978 vocabulum
1050 2908 1162 3000 χάλοψ
1185 2915 1366 2980 subiectum

233 3020 392 3086 dominari
402 3039 508 3103 nsque
527 3017 569 3082 ad
585 3039 616 3083 v.
627 3019 689 3081 280
702 3010 1173 3103 (χάλοψ-χαράξας-ἐξεσε).
1208 3018 1257 3084 Of.
1270 3020 1367 3083 etiam

231 3124 347 3188 11205
370 3116 482 3207 χάλοψ
506 3115 626 3206 ε’χάραξ
661 3171 669 3185 .
1336 3127 1340 3134 “

224 3285 226 3288 .
320 3225 387 3292 Sed
410 3226 507 3292 aliter
529 3245 642 3306 resse
666 3223 767 3289 habet
790 3223 823 3288 in
846 3245 942 3288 versu
965 3225 998 3288 ΙΙ
1014 3227 1073 3288 521
1094 3247 1161 3312 sqq.

854 3327 960 3394 ταῦτα
981 3323 1143 3416 τυράννων

388 3426 550 3520 πολλάκις
572 3426 771 3520 αὐτοφάνοιο
793 3426 885 3517 χερὸς
908 3428 1065 3521 δηλήμονι
1086 3428 1189 3522 τόλμῃ

386 3527 525 3618 αὐχένας
547 3527 709 3624 ε’νερήνιξε,
734 3533 814 3622 πρὶν
836 3531 939 3602 ἔντεσι
961 3541 1072 3624 χεῖρας
1093 3534 1238 3618 ἕλιξας.

233 3637 329 3710 Hanc
361 3641 449 3704 euim
477 3639 617 3704 formam
641 3639 762 3704 Graefii
785 3645 898 3704 textus
921 3643 1075 3726 praebet;
1103 3643 1136 3706 in
1160 3641 1369 3707 adnotatione

235 3746 344 3806 autem
362 3743 440 3808 dicit
455 3742 509 3806 ille
527 3737 806 3827 ,,ἑλίξειςναλςο“,
822 3763 928 3828 neque
945 3745 1042 3808 aliter
1056 3745 1177 3830 legitur
1198 3746 1231 3809 in
1248 3744 1370 3823 codice,

235 3866 332 3930 quem
362 3844 575 3910 Lndwichius
604 3852 735 3910 secutus
766 3852 816 3910 est
852 3846 940 3928 (ann.
965 3846 1258 3932 phil.01x,452).
1305 3844 1371 3910 Sed

237 3955 349 4016 contra
371 3956 543 4035 utramque
566 3949 705 4013 formam
728 3949 926 4014 monendum
955 3956 1006 4015 est
1033 3971 1210 4036 numquam
1232 3950 1371 4015 Paulum

236 4048 316 4138 πρίν
339 4055 486 4118 voculam
512 4053 721 4118 coniunxisse
746 4072 820 4116 cnm
843 4053 943 4118 verbo
965 4053 1068 4120 finito.
1113 4054 1262 4135 Accedit,
1286 4051 1372 4138 quod

236 4155 341 4222 forma
363 4151 481 4236 ἑλίξεις
500 4157 632 4220 omnino
656 4176 720 4219 uon
736 4154 949 4240 intellegitur.
995 4155 1090 4222 Haec
1113 4157 1198 4223 enim
1222 4163 1274 4222 est
1296 4177 1372 4222 sen·

237 4261 356 4325 tentia:
385 4260 591 4346 imperatoris
621 4265 765 4345 potestas
787 4265 944 4346 tyrannos
969 4261 1156 4340 commovit,
1184 4267 1222 4324 ut
1250 4261 1374 4345 seipsi

237 4363 469 4445 interficerent,
493 4366 682 4450 priusquam
705 4383 795 4426 arma
812 4367 1017 4450 caperentur.
1062 4363 1240 4450 Perpaucis
1263 4369 1373 4428 autem

1200 4467 1218 4520 6
