3252 4954
743 344 937 404 ..3-

273 516 306 575 et
329 511 394 574 alia
417 510 508 574 aedis
531 512 604 576 loca
628 519 741 577 sancta
764 513 873 578 deleta
896 512 1018 597 sunt¹).
1064 513 1171 586 Quam
1190 515 1407 578 calamitatem

272 636 485 699 permagnam
501 637 520 678 a
535 615 638 680 Paulo
663 622 773 680 nostro
797 618 830 680 in
847 616 1063 702 descriptione
1086 617 1137 682 his
1160 619 1310 682 versibus
1334 639 1408 682 nar-

273 723 376 780 ratam
404 718 543 802 legimus
575 718 757 804 (Itosq.):

678 819 757 906 μίης
785 815 910 909 ἁψῖδος
939 815 1159 911 διπισλίσθησε
1192 819 1305 910 κεροίη

435 917 639 1013 ἀντολικὴ,
665 922 807 1014 σφαίρης
828 951 864 991 τε
886 921 984 1008 λάχος
1005 922 1151 1013 κονίῃσιν
1173 923 1305 1012 έμίχθη.

359 1028 512 1094 Ecclesia
535 1036 645 1094 autem
662 1051 734 1094 curn
751 1030 857 1095 denuo
881 1033 983 1095 multo
999 1032 1122 1096 maiore
1147 1053 1221 1095 oum
1236 1031 1408 1117 splendore

273 1138 371 1217 atque
384 1133 555 1196 altitudine
571 1135 725 1198 restituta
741 1141 841 1216 esset,
857 1136 974 1199 iterum
986 1142 1179 1200 consecrata
1195 1141 1245 1199 est
1258 1141 1411 1220 quattuor

274 1238 366 1300 annis
394 1242 469 1322 post
500 1237 590 1302 illam
620 1239 756 1302 ruinam.
809 1238 963 1302 Traditur
994 1239 1079 1304 enim
1109 1245 1142 1302 et
1165 1259 1184 1301 a
1207 1239 1408 1324 Theophane

274 1345 317 1425 (p.
336 1343 408 1420 238,
429 1343 480 1424 18)
504 1347 537 1404 et
560 1343 593 1404 in
617 1341 779 1406 Ohrcnico
803 1342 956 1406 Paschali
981 1341 1025 1428 (p.
1044 1345 1116 1422 687,
1138 1341 1190 1428 12)
1215 1365 1244 1406 a.
1260 1342 1410 1407 XXXVI

274 1445 447 1508 Iustiniani
470 1446 677 1531 imperatoris
701 1445 844 1511 secunda
868 1447 1033 1511 celebrata
1057 1467 1131 1511 esse
1148 1447 1315 1527 encaenia,
1338 1447 1408 1531 qui-

274 1548 334 1611 bus
344 1547 525 1633 Eutychius
540 1549 741 1634 patriarches
754 1549 960 1635 praefuisset.
996 1547 1119 1621 Quibus
1132 1571 1203 1613 cum
1216 1551 1410 1622 testimoniis

275 1655 405 1717 omnino
433 1662 617 1738 congruunt
639 1655 734 1718 Pauli
762 1677 875 1719 versus
899 1654 973 1718 Ι34
992 1675 1061 1740 sqq.
1083 1660 1115 1718 et
1141 1655 1236 1719 1196
1254 1675 1310 1739 sq.,
1334 1675 1410 1718 narn

274 1759 404 1842 poetica
435 1759 580 1822 oratione
611 1759 794 1824 cumidem
819 1781 924 1823 annus
948 1764 1016 1822 tum
1041 1758 1110 1822 dies
1132 1759 1204 1844 ipse
1229 1759 1274 1822 sic
1299 1759 1409 1842 expri-

274 1862 373 1924 mitur
396 1861 425 1941 (Ι
443 1865 482 1924 34
499 1861 598 1948 sqq.):

402 1956 536 2050 Ἁνέρες,
562 1953 629 2029 οἷσι
652 1962 775 2050 μέμηλε
797 1961 940 2030 θεουδέα
964 1959 1077 2047 θεσμὰ
1099 1960 1267 2050 γεραίρειν,

404 2066 498 2156 δεῦρό
520 2095 589 2154 μοι,
613 2063 814 2152 ἇχλυόεσσαν
837 2063 1086 2157 ἀπορρίψαντες
1108 2065 1208 2155 α’νίην,

402 2173 547 2256 χιονέους
569 2173 716 2240 έσσασθε
739 2170 913 2262 γεγηθότες
936 2169 1040 2261 durent
1064 2171 1222 2251 πέπλους.

403 2273 504 2364 δάκρυ
527 2276 563 2344 δέ
585 2276 803 2365 πενταέτηρον
827 2271 1067 2366 ἀποφήσαντος
1090 2269 1243 2363 ὀπωπῆς,

403 2380 574 2468 μέλψομεν
596 2375 758 2470 εὐφήμοις
780 2374 848 2448 ὑπὸ
871 2377 1010 2464 χείλεσιν
1033 2373 1180 2458 εἷίποδας
1201 2374 1331 2464 ὕμνους.

273 2486 389 2571 Itaque
407 2487 509 2551 Paulo
528 2507 655 2572 quoque
679 2493 763 2551 teste
787 2487 872 2551 inter
888 2487 1016 2550 ruinam
1041 2491 1073 2549 et
1091 2485 1250 2549 encaenia
1267 2483 1412 2548 secunda

275 2595 427 2674 quattuor
451 2612 610 2655 annorum
633 2593 775 2676 spatium
791 2590 1020 2654 intercessisse
1045 2594 1181 2664 constat.
1206 2609 1281 2652 nam
1304 2587 1412 2650 verbis

274 2687 375 2779 δάκρυ
397 2691 616 2780 πενταέτηρον
645 2695 800 2758 lacrimae
832 2715 891 2778 per
920 2697 1073 2777 quattuor
1096 2712 1197 2754 annos
1220 2690 1313 2754 fusae
1338 2710 1411 2754 esse

275 2797 435 2862 dicuntur.
481 2797 578 2862 Diem
602 2803 712 2861 autem
728 2797 853 2862 XXIV.
871 2795 1055 2860 decembris
1076 2793 1224 2858 versibus
1246 2793 1264 2856 I
1285 2795 1344 2856 196
1363 2813 1410 2876 sq.

273 2901 318 2964 ita
342 2900 522 2966 declaravit
544 2909 656 2987 poeta:

403 2999 545 3090 ἔπρεπεν
569 3000 673 3091 ἑξείης
695 2997 778 3086 μετὰ
802 2999 960 3066 θέσκελον
982 2990 1072 3090 ἦμαρ
1096 2999 1199 3066 ε’κεῖυο

403 3101 567 3188 ζωοτόκσυ
592 3109 753 3193 Χριστοῖο
777 3103 944 3192 γενέθλιον
966 3094 1055 3194 ἦμαρ
1080 3100 1224 3169 ἱκέσθαι.

275 3211 314 3274 In
338 3213 477 3296 vestigio
501 3213 601 3298 igitur
625 3217 756 3277 secutus
781 3217 831 3276 est
860 3211 1020 3274 encaenia
1044 3209 1164 3273 Christi
1199 3209 1268 3273 dies
1292 3209 1410 3273 natalis

274 3313 396 3399 (XXV.
416 3315 512 3400 dee).

359 3421 475 3505 ltaque
511 3441 553 3484 ex
586 3423 657 3506 ipsa
692 3419 911 3505 descriptione
940 3417 1140 3502 intellegitur
1167 3416 1307 3480 Paulum
1336 3421 1410 3500 post

238 3604 243 3616 Ι
274 3545 392 3586 annum
418 3527 489 3604 563,
516 3545 579 3608 quo
602 3523 852 3588 celebrabantur
875 3520 1020 3587 secunda
1036 3522 1203 3601 encaenia,
1228 3521 1408 3606 scripsisse.

363 3626 423 3691 Oui
455 3629 592 3692 termino
621 3629 760 3692 alterum
789 3626 909 3690 addere
936 3647 1125 3710 possumus,
1159 3626 1187 3690 si
1209 3626 1328 3688 multos
1352 3645 1409 3688 eos

274 3732 364 3796 locos
401 3731 703 3812 animadvertimus,
741 3731 858 3815 quibus
889 3735 988 3816 poeta
1017 3730 1248 3817 imperatorem
1282 3729 1328 3791 ita
1350 3727 1407 3791 ad-

364 3940 383 4003 1)
403 3937 436 3990 cf.
457 3937 581 4007 Theoph.
601 3957 628 4007 p.
644 3938 703 4002 232,
713 3939 747 3991 26
758 3954 817 4004 sqq.
859 3935 952 3989 Minus
971 3937 1100 3990 accurate
1118 3933 1256 4003 Agathias
1274 3933 1338 3986 hist.
1357 3933 1409 3986 V9

274 4043 300 4092 p.
318 4025 369 4080 295
393 4025 435 4079 ed.
459 4026 546 4078 Bonn.
567 4026 611 4092 (cf.
632 4024 756 4078 Dindorf.
779 4024 845 4078 hist.
873 4042 914 4091 gr.
938 4022 1005 4075 min.
1024 4022 1079 4075 vol.
1098 4022 1203 4088 11361)
1229 4020 1280 4074 sub
1312 4037 1336 4075 a.
1359 4021 1410 4074 557

274 4111 435 4178 (Iustiniani
455 4111 557 4178 XXXI)
582 4114 611 4165 et
633 4111 744 4165 ruinam
767 4113 796 4164 et
818 4109 1027 4163 restitutionem
1050 4108 1168 4160 alteram
1191 4106 1324 4161 ecelesiae
1347 4124 1410 4160 nar·

272 4198 358 4261 ravit3
371 4198 483 4268 scripsit
494 4198 569 4252 enim
579 4199 701 4252 hocloco
712 4197 849 4266 Agathias
859 4195 1005 4250 historiam
1015 4193 1092 4247 aedis
1102 4193 1167 4246 inde
1177 4193 1212 4246 ab
1222 4192 1368 4247 incendiis
1377 4221 1409 4231 -

274 4285 313 4337 De
344 4285 387 4338 his
415 4286 497 4338 rebus
527 4285 611 4338 etiam
636 4283 814 4338 Kortuemius
844 4283 904 4353 egit
938 4283 968 4336 in
995 4280 1170 4350 praefatione
1205 4279 1409 4334 dissertationis

273 4370 464 4439 Salaenbergii
489 4371 566 4441 operi
590 4371 737 4440 splendido
762 4371 901 4434 adiectae,
933 4368 1007 4437 quod
1037 4367 1199 4421 inscribitur
1221 4365 1410 4419 Altclnistlr'chc

275 4458 472 4527 Βοιηδικλικαίι
489 4475 542 4511 uua
562 4457 779 4525 δοκείακίίκομιί
796 4457 904 4524 (Berlin
923 4459 997 4524 1854)
1016 4455 1049 4508 cf.
1069 4472 1095 4522 p.
1115 4455 1132 4506 2
1151 4457 1224 4522 etp.
1244 4453 1276 4506 X.

1217 4541 1231 4592 1
1241 4540 1255 4572 a:
