925 1358
380 135 487 150 -13-

149 182 187 193 esse
199 177 283 199 promittit.
307 177 340 193 Sed
349 177 414 197 frustra,
426 177 482 193 statim
490 177 556 193 incenso
565 177 619 194 animo
631 177 648 193 in
656 177 718 194 Demus

149 203 209 219 osculis
222 203 279 219 haeret
292 208 345 224 neque
360 208 458 225 quemquam
470 209 487 219 se
498 203 564 225 puellae
576 205 670 225 erepturum
682 208 719 220 esse

149 229 229 245 adfirmat.

194 255 209 271 V
218 256 257 271 266:
281 255 327 271 Sicut
339 255 357 276 is,
366 255 393 277 qui
402 261 412 271 a
420 255 484 272 furente
493 260 533 272 cane
541 261 606 272 morsus
614 257 645 276 est,
654 261 719 277 semper·

150 281 214 298 bestiae
226 281 315 302 imaginem
327 282 343 297 in
355 286 398 302 aqua
409 281 465 298 videre
477 281 543 302 dicitur,
557 282 580 298 ita
591 282 661 298 fortasse
674 287 720 298 arnor

150 309 209 329 poetae
221 307 287 323 dentem
300 307 362 326 inflxit;
377 313 415 324 nam
430 308 446 323 in
460 308 506 328 mari,
521 308 537 324 in
549 308 607 328 fluvio,
619 308 657 329 quin
669 308 719 324 etiam

151 333 167 349 in
180 333 212 349 vini
224 333 283 355 poculo
294 333 359 354 puellae
372 333 443 354 effigiem
454 333 529 354 adspicit.

193 359 247 375 Minus
264 359 365 375 confidenter
381 359 450 375 Paulum
464 359 512 375 huius
527 360 619 376 sententiae
635 361 719 376 auctorem

150 385 248 401 existimem.
274 385 290 400 V
300 385 340 401 281:
368 385 387 401 In
406 387 497 405 amantem,
514 385 552 401 dum
571 385 636 407 puellae
656 387 719 407 portam

150 411 200 427 sertis
212 413 264 431 ornat,
276 416 335 433 aquam
347 412 400 428 amica
409 411 478 430 defudit;
490 412 519 428 sed
530 412 581 428 multo
593 412 654 428 maiore
663 417 718 428 amore

150 437 178 453 ille
190 437 300 453 inflammatus
312 439 337 454 est
348 443 379 459 per
386 443 451 459 aquam,
462 438 479 454 in
491 443 523 459 qua
530 438 574 459 ignis
586 443 608 454 ex
619 443 647 454 ore
653 438 719 459 puellae

150 463 219 480 haustus
231 463 299 480 latebat.
322 463 371 480 Hanc
383 464 481 480 sententiam
493 469 525 480 non
533 464 614 486 propriam
626 469 663 480 esse
671 463 718 480 Pauli

150 490 231 506 oredimus
243 495 275 506 non
283 492 317 506 tam
325 490 402 506 commoti
411 490 490 511 exemplis
502 496 512 506 a
520 490 588 506 Malleto
599 491 622 511 (p.
629 491 649 506 44
657 490 694 506 adn.
703 490 719 511 l)

150 516 225 537 prolatis,
240 516 278 537 quia
292 516 308 532 in
323 516 347 532 eis
359 516 399 532 nihil
411 516 470 532 dicitur
481 516 502 532 de
514 521 555 532 novo
566 516 594 532 illo
606 516 665 532 ardore
677 521 719 537 aqua

150 542 225 561 incenso,
237 547 286 563 quam
298 541 348 558 Anth.
360 542 396 558 Lat.
409 542 527 563 epigrammate
536 543 567 558 706
575 542 610 563 (R.)
622 547 632 558 a
643 541 719 558 Iacobsio

150 567 217 584 laudato
232 568 266 589 (ap.
280 567 351 583 Bruuck.
367 569 404 583 tom.
416 567 442 584 XI
453 573 468 589 p.
479 568 521 589 145).
547 567 584 584 Hoc
601 568 673 584 carmine
690 567 718 583 ad-

151 593 217 609 modum
226 594 291 615 copioso
299 593 342 609 Iulia
351 593 432 614 quaedam
440 595 500 615 poetae
508 594 561 610 nivern
571 593 647 609 iniecisse
656 593 719 613 dicitur,

150 624 193 640 quae
202 621 260 641 pectus
269 619 304 635 eius
312 619 359 635 ussit.
383 619 407 635 Cf.
416 625 430 635 v.
440 620 457 635 2:
470 619 509 640 „nix
520 621 575 636 tamen
587 619 629 640 iguis
640 620 692 639 erat“,
703 621 720 635 et

151 650 165 662 v.
174 647 183 661 5
192 651 219 666 sq:

215 671 251 693 quis
264 671 309 688 locus
321 671 383 688 insidiis
396 671 461 687 dabitur
472 671 512 687 mihi
523 673 568 688 tutus
580 671 645 691 amoris,

237 697 297 718 frigore
309 699 386 713 concreto.
397 697 410 713 si
421 697 461 713 latet
473 697 515 719 ignis
526 699 579 719 aquai!

150 723 186 742 Quo
199 724 271 740 carmine
284 723 371 745 perducor,
382 724 401 739 ut
412 723 476 739 nautius
488 723 509 740 de
520 723 569 739 huius
580 723 626 739 Pauli
638 723 720 745 epigram-

151 750 199 765 matis
212 749 275 771 origine
287 749 363 766 iudicem,

194 776 229 792 Iam
241 776 315 792 venimus
332 775 353 792 ad
364 775 412 791 Pauli
424 775 543 796 epigrammata
554 776 571 791 in
583 775 642 792 ceteris
655 775 719 791 Antho-

150 802 205 823 logiae
217 802 264 818 libris
276 801 343 821 tradita,
355 806 423 823 quornm
436 801 452 817 in
465 802 512 817 sexto
524 801 566 817 inter
578 801 720 822 epigrammata

151 827 280 844 dedicatoria
291 827 370 843 nonnulla
381 827 429 843 Pauli
441 827 514 843 earmina
525 827 637 848 reperiuntur,
649 832 691 848 quae
703 828 720 843 et

151 854 188 875 ipsa
200 853 254 869 usitati
269 853 360 874 argumenti
369 855 411 869 sunt.
435 852 458 869 Gt
468 853 525 869 VI54:
538 852 623 869 Eunomus
633 853 720 869 Locrensis

152 879 224 901 Apollini
234 879 305 895 cicadam
317 884 355 895 aere
364 879 424 895 factam
432 879 502 899 dedicat,
514 879 552 900 quia
563 879 580 895 in
589 879 661 895 citharae
669 881 720 895 certa-

152 906 195 921 mine
207 910 240 921 una
252 904 315 921 choi-dd
323 905 388 926 dirupta
396 910 462 921 muscae
473 910 528 927 opera,
540 910 576 921 oum
585 910 633 926 super
641 905 720 921 citharam

150 932 179 947 illa
191 931 278 947 considens
290 931 349 947 leniter
360 932 432 951 caneret,
444 931 529 947 victoriam
539 931 633 952 reportavit.
656 931 719 947 Eadem

150 957 207 973 fabula
218 957 302 978 aliquanto
311 957 379 973 uberius
387 958 463 973 narratur
475 957 593 978 epigrammate
600 957 662 973 incerto
674 957 700 977 (ff
707 956 718 961 ¹*

150 983 187 999 libri
198 982 229 999 IX.
251 982 328 998 Maximis
345 984 400 998 autem
413 984 448 998 erat
459 982 476 998 in
488 982 550 998 deliciis
562 982 651 1004 praecipue
663 987 690 998 rec

151 1008 210 1024 tiorum
223 1010 314 1030 temporum
326 1009 388 1030 poetis,
400 1010 418 1024 ut
430 1008 500 1028 videtur,
512 1008 528 1023 id
539 1009 661 1029 argumentum,
677 1013 690 1029 q*

150 1034 212 1050 Paulus
219 1034 270 1050 tribus
278 1034 358 1056 poematis
366 1034 398 1055 (64.
405 1035 430 1050 6⁵.
436 1034 464 1055 66)
470 1034 551 1054 tractavit,
559 1034 587 1050 ubi
595 1034 648 1050 scriba
654 1033 690 1055 quid

150 1062 179 1076 aut
191 1060 266 1076 manibus
279 1062 307 1076 aut
319 1060 371 1076 oculis
383 1065 447 1076 summa
458 1061 544 1076 senectute
556 1059 604 1075 fessis
612 1060 690 1076 instrnme

150 1091 181 1102 sua
191 1086 218 1102 vel
230 1086 312 1102 Mercurio
329 1086 354 1102 vel
366 1086 419 1102 Musis
431 1087 521 1102 consecrat.
544 1085 619 1102 Eandem
631 1085 674 1102 enim
685 1091 690 1102 1

150 1117 187 1128 curn
203 1112 289 1134 Philippus
305 1112 380 1128 Thessal.
395 1112 426 1128 sibi
442 1112 536 1134 proposuit,
551 1111 578 1133 qui
594 1111 676 1133 prioribus

150 1138 257 1159 temporibus,
267 1140 301 1154 tum
310 1138 418 1154 Damocharis
428 1138 455 1154 ille
464 1138 546 1159 Agathiae
554 1138 645 1159 discipulus
653 1137 684 1159 (VI

151 1165 168 1180 et
183 1164 208 1180 bis
225 1164 295 1185 (6168)
311 1164 384 1180 Iulianus
401 1164 501 1186 Aegyptius,
519 1169 568 1185 quem
585 1165 601 1179 ot
615 1164 668 1185 ipsum
683 1169 690 1179 e
