3252 4954
679 281 891 341 „33-

217 450 473 534 vitinmoptime,
485 455 523 511 nt
534 450 629 519 solet.
641 449 816 535 descripsit
826 450 1107 534 praeclarissimus
1120 449 1175 513 ille
1192 448 1355 535 Scaliger:

222 554 323 616 rerba
345 553 446 637 digna
469 561 554 621 sunt.
578 574 662 636 quae
685 554 783 638 plene
807 552 990 616 exscribam
1001 553 1044 638 ¹):

308 657 535 737 ,Silentiarins
570 658 647 720 vitio
683 657 807 720 saeculi
843 658 908 736 sui,
943 678 1026 741 quae
1056 665 1124 721 tum
1147 659 1250 722 virtus
1273 664 1354 734 erat,

217 781 298 822 usus
322 767 383 824 est.
429 759 593 845 Strepitus
616 758 799 839 verborum,
824 759 966 822 ambitus
990 761 1243 840 sententiarum,
1267 781 1355 825 com-

218 865 337 948 positio
361 861 579 948 dithyrambis
603 862 769 927 audacior.
816 862 985 926 Eiusmodi
1016 869 1067 928 est
1094 858 1253 950 ἐίιφρασις
1283 865 1355 929 ista.

220 967 315 1040 Quod
338 989 403 1031 uno
427 968 527 1031 verbo
543 987 710 1052 exponere
732 973 870 1051 poterat,
893 967 1006 1030 maluit
1029 967 1114 1031 binis
1139 967 1231 1032 trinis
1254 970 1356 1032 versi·

222 1071 304 1134 culis
327 1070 520 1155 producere.
565 1071 620 1134 Me
644 1069 775 1154 quidem
797 1071 843 1133 ita
866 1091 932 1133 non
952 1069 1131 1152 offendunt,
1154 1072 1209 1156 qui
1232 1072 1356 1135 saeculi

219 1173 369 1236 morbum
398 1175 483 1238 novi.
531 1172 598 1238 Sed
628 1174 683 1257 qui
712 1173 792 1237 nibil
815 1179 948 1257 praeter
979 1173 1053 1236 illos
1075 1180 1205 1238 veteres
1228 1175 1357 1260 legerit,

220 1297 293 1341 cum
310 1276 352 1340 ad
368 1277 450 1342 haec
468 1298 503 1341 se
516 1277 700 1356 contulerit,
714 1281 781 1340 tres
795 1277 963 1340 continuos
979 1298 1095 1341 versus
1113 1298 1177 1341 non
1194 1279 1357 1364 patienter

220 1381 319 1470 leget.
370 1381 467 1445 Iuvat
494 1388 605 1446 tamen
638 1402 713 1459 nos,
748 1380 835 1464 quod
868 1381 982 1466 templi
1018 1381 1105 1444 illius
1134 1383 1357 1466 augustissimi

219 1484 319 1569 adyta
348 1487 457 1550 omnia
487 1486 583 1551 nobis
614 1486 789 1563 reseravit,
819 1493 854 1549 ut
881 1485 928 1548 illi
955 1486 1078 1570 gratias
1105 1507 1168 1550 non
1192 1493 1357 1572 tamquam

220 1595 336 1673 poetae
360 1589 420 1654 scd
442 1597 607 1674 tamquam
631 1590 787 1653 historico
810 1593 979 1674 agamus.“

307 1693 431 1756 Verum
458 1693 521 1757 hac
549 1694 622 1778 ipsa
646 1692 806 1777 Scaligeri
829 1694 1023 1757 auctoritate
1053 1694 1149 1757 nixus
1179 1698 1268 1757 recte
1291 1691 1357 1756 for-

221 1803 312 1860 tasse
329 1797 491 1881 quispiam
508 1797 610 1860 dicat:
628 1817 768 1881 quonam
784 1797 854 1859 iure
869 1797 1010 1860 Paulum
1026 1801 1062 1860 ut
1077 1802 1211 1882 poetam
1233 1795 1359 1874 landas,

224 1921 298 1963 cnm
325 1901 370 1962 nil
401 1899 527 1964 dederit
560 1899 620 1962 nisi
653 1900 752 1962 talem
775 1899 1028 1985 descriptionem
1052 1899 1181 1985 Hagiae
1206 1898 1359 1984 Sophiae,

221 2004 351 2087 qualem
373 2024 448 2083 noe,
477 2004 551 2088 quia
574 2009 719 2067 veterem
745 2003 905 2067 ecclesiae
928 2003 1067 2067 formam
1089 2004 1156 2067 iarn
1177 2024 1241 2067 non
1264 2004 1359 2067 nori-

221 2129 302 2187 mus,
335 2107 404 2170 eolo
428 2106 583 2170 historiae
608 2105 715 2170 studio
740 2107 893 2170 commoti
915 2127 979 2171 non
1002 2107 1095 2192 parvi
1118 2107 1358 2171 aestimamus?

223 2209 313 2274 Haec
345 2217 457 2274 autem
486 2231 545 2296 pro
568 2231 620 2274 me
650 2209 774 2273 diluere
798 2209 941 2273 conabor
963 2217 997 2274 et
1020 2211 1130 2274 durius
1154 2231 1228 2276 esse
1253 2210 1358 2274 Scali-

223 2315 292 2397 geri
319 2314 475 2376 iudicium
508 2312 749 2376 demonstrabo.
807 2311 893 2376 Nam
921 2311 982 2376 hoc
1011 2312 1142 2396 quidem
1174 2311 1360 2377 concedetis

222 2437 295 2480 esse
319 2416 445 2495 iudicis,
470 2417 613 2502 quinon
637 2415 774 2480 ducatur
796 2415 1022 2501 praeiudicata
1044 2417 1203 2502 opinione,
1230 2417 1360 2480 omnino

223 2541 288 2584 non
322 2521 492 2605 perculsus
532 2528 659 2584 tumore
690 2521 862 2584 verborum
897 2521 1006 2584 omnia
1038 2521 1281 2606 pervestigare,
1318 2541 1361 2584 ex

222 2624 339 2708 quibus
364 2629 483 2710 poetae
506 2624 674 2708 ingenium
698 2625 759 2688 etsi
775 2624 939 2688 mediocre
957 2625 1090 2704 eniteat,
1114 2625 1208 2710 quasi
1230 2624 1361 2688 stellula

221 2728 307 2790 inter
335 2727 447 2792 nubes.
500 2726 595 2791 Talia
623 2732 732 2791 autem
761 2727 885 2790 lumina
911 2726 1098 2812 repperisse
1126 2726 1206 2789 mihi
1237 2725 1359 2790 videor.

224 2829 386 2894 Studebat
410 2831 495 2893 enim
519 2830 641 2893 Paulus
666 2830 919 2914 descriptionem
943 2851 1046 2910 suam,
1070 2851 1112 2894 ne
1135 2831 1245 2894 ieiuna
1267 2828 1361 2892 fieret

221 2939 254 2997 et
277 2933 368 2997 arida
386 2973 425 2980 —
441 2955 549 3018 neque
572 2933 613 2997 ab
636 2933 703 2997 ullo
719 2932 905 2996 huiusmodi
927 2933 1069 2997 carmine
1086 2933 1200 3018 procul
1224 2937 1275 2996 est
1297 2931 1359 2996 hoo

223 3039 404 3123 periculum
427 3073 469 3083 -
502 3036 663 3100 coloribus
691 3036 884 3120 quibusdam
913 3037 1077 3100 illustrare
1109 3035 1196 3099 haud
1218 3033 1360 3120 indignis

221 3148 332 3228 poeta.
384 3140 454 3204 Iam
478 3162 576 3227 supra
598 3141 726 3204 enotavi
749 3141 889 3204 Paulum
914 3141 1032 3220 omnia,
1056 3161 1139 3226 quae
1163 3137 1361 3204 antecedunt

226 3245 367 3310 aedificii
391 3243 615 3329 descriptioni,
646 3245 849 3329 exposuisse,
873 3251 1037 3328 tamqnam
1067 3244 1094 3307 si
1123 3247 1275 3328 ageretur
1297 3261 1360 3305 res.

227 3348 293 3412 Sed
311 3350 416 3433 ipsam
432 3368 561 3432 quoque
578 3345 829 3432 descriptionem
847 3347 945 3410 variis
961 3345 1142 3410 rationibus
1159 3345 1361 3430 vegetiorem

222 3451 395 3530 reddebat,
418 3451 509 3514 velut
531 3450 593 3529 ita,
617 3456 653 3512 ut
676 3471 834 3534 personas
860 3451 892 3514 in
915 3450 1022 3535 ipsum
1046 3450 1115 3514 eius
1139 3455 1287 3513 tenorem
1311 3447 1360 3510 in-

222 3557 370 3621 duceret.
414 3554 538 3618 Verum
554 3553 712 3639 exemplis
729 3555 847 3618 melius
865 3554 1107 3637 intellegentur,
1131 3573 1215 3638 quae
1231 3551 1361 3638 planius

223 3660 408 3744 exprimere
439 3656 570 3720 difficile
600 3662 660 3721 est.
711 3657 802 3720 1123
820 3677 888 3741 sqq.
919 3663 1018 3742 poeta
1049 3655 1088 3720 de
1117 3656 1218 3740 portis
1248 3655 1361 3740 templi

223 3760 483 3826 occidentalibus
508 3759 599 3823 dicit:

689 3835 759 3908 ἀλλ’
787 3838 804 3910 ὃ
828 3842 887 3927 μὲν
910 3836 1018 3909 αὐτῶν
1040 3843 1101 3930 (so.
1125 3838 1267 3927 πυλεών)

379 3946 587 4035 ἐνστρέφεται
611 3942 775 4034 νάρθηκος
796 3945 855 4012 ἐπὶ
879 3950 1020 4013 στεινοῖο
1042 3941 1199 4031 μετώπου

380 4051 414 4130 ἒς
436 4046 553 4131 Νότον,
578 4039 615 4128 ὃς
638 4049 674 4115 δὲ
696 4052 826 4139 Βορῆος
847 4048 905 4115 ἐπὶ
930 4045 1059 4137 πτερά·

313 4228 333 4293 ¹)
353 4225 499 4292 Legnntur
516 4222 585 4276 haec
604 4221 689 4275 rerba
707 4221 736 4273 in
755 4221 867 4290 Iosephi
880 4221 1016 4292 Scaligeri
1036 4221 1216 4292 epistolarum
1237 4220 1361 4275 editione

224 4310 401 4365 Frankofurt.
415 4310 483 4365 1628
502 4326 566 4379 pag.
576 4309 627 4362 487
641 4325 699 4376 sqq.
712 4330 718 4372 ;
737 4307 827 4376 primo
845 4307 999 4360 laudantur
1016 4308 1195 4361 aKreutzero
1208 4309 1225 4363 1.
1238 4309 1256 4362 l.
1275 4308 1362 4376 praef.

224 4417 250 4468 p.
264 4397 311 4451 VI.
331 4397 395 4452 adn.

1188 4481 1205 4534 3
