3224 4946
662 287 875 348 ..65-

202 459 275 512 enirn
301 475 334 512 ex
357 457 464 512 tabella
487 473 543 510 uno
561 456 612 510 illo
631 456 691 510 loco
710 458 826 524 excepto
844 471 997 523 numquam
1016 453 1134 507 Paulum
1153 454 1224 508 hanc
1242 471 1338 508 mono·

202 545 303 613 syllabi
328 543 541 613 productionem
566 542 702 596 intulisse.
745 542 822 607 Quae
846 542 921 610 qnod
946 543 976 594 in
994 541 1066 594 thesi
1086 542 1133 594 llI.
1155 545 1183 594 et
1201 541 1234 596 V.
1252 542 1338 607 deest,

202 633 231 684 iu
254 631 299 684 his
321 631 475 684 hexametri
501 629 612 683 sedibus
630 630 749 682 Paulum
775 629 911 698 sprevisse
935 628 1089 697 spondeum
1108 646 1192 697 supra
1209 629 1337 682 vidimus.

287 737 318 800 b.
344 757 428 821 quae
452 742 575 800 exeunt
596 735 629 797 in
653 759 695 799 αι
718 740 775 798 aut
798 757 835 799 οι

356 841 389 903 in
413 839 499 904 thesi
564 839 581 902 I
625 838 661 902 Π
707 835 781 925 [111]
828 837 877 903 IV
923 835 977 924 [V]
1023 838 1072 900 VI

562 943 580 1006 3
629 944 667 1005 16
724 980 765 988 -
828 944 865 1005 13
924 980 964 988 -
1025 979 1065 989 -

206 1048 267 1111 His
291 1048 370 1111 locis
395 1068 526 1133 semper
547 1041 605 1110 καί
628 1047 744 1110 vocula
767 1047 800 1110 in
823 1046 906 1110 thesi
931 1051 1005 1110 stat.

291 1188 318 1230 c.
343 1187 426 1250 quae
448 1163 525 1230 una
548 1166 787 1230 consonanti
810 1165 977 1254 finiuntun

307 1257 1121 1357 nminfflwfflm-

547 1370 759 1457 11)32)--
810 1370 969 1460 [1]³)-
1027 1412 1068 1422 -
1124 1373 1128 1382 “

294 1478 313 1546 ¹)
332 1477 434 1531 11383:
452 1479 490 1546 πῇ
507 1478 569 1547 μὲν
582 1477 737 1528 manaan
749 1477 813 1540 mh,
833 1492 905 1544 quae
924 1476 959 1529 ad
974 1477 1058 1530 verba
1075 1495 1126 1546 per
1142 1479 1340 1548 anastrophem

205 1567 334 1633 spectant
351 1565 390 1632 πῇ
407 1563 439 1615 δέ
455 1563 484 1616 in
504 1563 632 1630 sequenti
645 1577 735 1616 versu.
771 1563 889 1616 Nonnus
907 1563 1018 1632 saepius
1036 1564 1160 1619 hocloco
1173 1567 1340 1635 particulam

204 1651 257 1720 μέν
279 1649 420 1718 produxit.
456 1649 496 1703 ef.
520 1649 648 1717 exempla
670 1647 885 1702 aScheindlero
904 1649 1013 1716 (Ztsctr.
1031 1651 1051 1716 f.
1068 1655 1128 1705 aar.
1149 1650 1245 1721 Gyan.
1266 1653 1340 1716 1879,

205 1755 233 1805 p.
246 1737 308 1804 423)
327 1735 510 1789 commodata.
548 1735 580 1788 ln
601 1736 631 1788 Α.
651 1735 729 1788 Plan.
748 1735 836 1798 277st
855 1735 928 1788 idem
948 1735 1005 1805 legi
1025 1737 1086 1800 (σόν
1102 1739 1156 1807 μὲν
1173 1737 1288 1798 κάλλος).

293 1826 315 1892 ²)
334 1823 416 1876 1128.
435 1822 494 1876 285.
514 1839 539 1875 a.
556 1823 596 1876 19.
633 1822 664 1874 ln
683 1821 737 1875 hae
754 1837 850 1874 versus
868 1821 932 1874 sede
949 1821 997 1888 τίς,
1015 1822 1088 1894 πρίν,
1106 1823 1161 1893 γάρ
1179 1825 1294 1878 voculae
1312 1824 1342 1877 in

205 1910 278 1963 thesi
301 1911 386 1963 stant.
422 1909 539 1962 Nonnus
562 1908 605 1962 bis
627 1925 780 1977 pronomen
802 1905 832 1967 ὅς
850 1907 902 1962 hoo
920 1909 980 1962 loco
999 1909 1145 1979 produxit;
1168 1927 1231 1963 eum
1251 1910 1342 1964 minus

207 2015 332 2051 severum
351 1996 436 2050 fuisse
454 1995 484 2048 in
497 1994 662 2065 paraphrasi
675 1993 871 2048 Scheindlerus
889 1995 907 2048 l.
920 1995 938 2047 l.
953 1995 1162 2050 demonstravit.
1199 1997 1342 2051 Accedunt

206 2088 262 2141 duo
283 2087 517 2156 epigrammatum
537 2085 592 2138 loci
610 2083 676 2136 XVI
691 2084 775 2150 118‚1
795 2083 878 2152 (μέν).
914 2082 966 2136 VII
978 2083 1066 2146 604,5
1085 2080 1169 2154 (γάρ).

296 2176 317 2240 ³)
336 2172 426 2226 Semel
447 2173 482 2238 (N
499 2173 525 2240 1)
545 2171 661 2224 Nonnus
680 2168 709 2221 in
729 2167 801 2221 thesi
821 2167 866 2222 IV.
885 2167 951 2237 πρίν
973 2183 1039 2222 voce
1057 2167 1099 2221 ita
1116 2185 1182 2221 usus
1201 2172 1251 2223 est.
1287 2169 1342 2222 Ex-

207 2261 320 2313 cusatur
332 2259 377 2312 hic
391 2258 468 2312 locus
482 2256 634 2326 anaphora.
668 2255 786 2322 Propter
797 2271 877 2306 usum
888 2256 946 2307 tam
956 2271 1049 2307 rarum
1058 2254 1200 2308 adsentiar
1210 2253 1343 2308 Scheind·

207 2348 273 2408 lero,
293 2345 341 2412 qui
361 2335 541 2406 toroculum,
561 2341 589 2395 in
608 2342 661 2395 hoc
679 2339 760 2393 Pauli
779 2357 860 2393 versu
879 2339 977 2407 (1239)
996 2340 1108 2410 longam
1123 2343 1294 2409 usurpatam,
1313 2341 1342 2394 in

206 2436 244 2491 εἰς
261 2433 367 2494 mutat;
385 2431 503 2484 fortasse
527 2429 601 2482 enirn
625 2426 652 2486 ἐς
670 2427 699 2480 in
718 2427 773 2480 arsi
792 2426 824 2481 V.
845 2427 965 2497 proximi
989 2445 1084 2482 versus
1106 2428 1199 2497 posita
1222 2429 1297 2496 (2402
1316 2428 1343 2487 ἐς

206 2519 286 2572 δύσιν
304 2519 407 2591 ἕρπειν)
427 2516 572 2570 librarium
591 2516 627 2569 ad
646 2515 721 2568 hunc
738 2515 846 2584 lapsum
866 2515 992 2570 adduxit.

291 2625 321 2687 d.
345 2622 583 2706 monosyllaba,
607 2642 690 2706 quae
714 2625 863 2685 natura
891 2621 1009 2704 longa
1033 2627 1124 2699 sunt,
1158 2621 1342 2684 invenimus

362 2727 395 2790 in
418 2727 503 2791 thesi
570 2725 586 2788 I
629 2725 665 2788 ΙΙ
699 2722 788 2810 [111]
835 2724 884 2788 IV
931 2722 985 2811 [V]
1031 2725 1080 2789 VI

568 2832 588 2892 9
636 2834 673 2893 10
730 2867 772 2876 -
847 2831 864 2891 7
934 2866 973 2876 -
1032 2866 1074 2876 -

294 2933 338 3000 Π.
377 2932 688 3018 Disyllaborum
710 2931 843 2994 ultimas
866 2931 1011 3016 syllabas
1030 2968 1068 2976 —
1094 2932 1126 2994 in
1151 2931 1211 2993 hoo
1236 2931 1342 3015 capite

208 3059 281 3101 oum
306 3039 382 3101 solis
407 3038 514 3101 verbis
538 3036 713 3100 trochaicis
736 3036 832 3098 nobis
855 3055 908 3098 res
932 3036 1058 3099 erit-
1082 3035 1115 3098 in
1139 3035 1224 3098 thesi
1248 3035 1344 3120 primi

208 3147 334 3204 tantum
367 3147 400 3204 et
432 3141 570 3204 extremi
595 3139 690 3225 pedis
713 3138 894 3224 producere
917 3138 1004 3202 licet.
1050 3137 1098 3202 Of.
1122 3140 1230 3222 legem
1254 3139 1343 3202 illam

208 3244 317 3308 Nonni
349 3267 449 3330 supra
476 3245 520 3330 (p.
539 3241 594 3328 50)
625 3244 672 3307 sic
696 3243 920 3306 constitutam:
948 3263 1123 3327 numquam
1150 3244 1344 3308 vocabulum

211 3347 422 3434 spondaioum
446 3349 545 3412 alium
568 3346 686 3432 pedem
709 3347 771 3410 nisi
799 3347 939 3431 primurn
973 3352 1030 3410 aut
1058 3353 1187 3411 sextum
1222 3349 1344 3434 explet.

210 3451 260 3516 De
285 3451 470 3537 spondaiois
500 3457 608 3515 autem
638 3450 747 3514 verbis
771 3451 803 3514 in
833 3449 899 3514 line
922 3451 1102 3514 hexametri
1126 3451 1239 3537 positis
1262 3451 1345 3514 infra

211 3554 386 3620 dicendum
416 3555 495 3630 enit;
529 3554 590 3618 hoe
621 3552 749 3638 quidem
781 3555 852 3617 loco
886 3553 927 3617 de
960 3554 1007 3617 cis
1037 3554 1113 3618 solis
1136 3555 1345 3633 disseramus,

210 3680 347 3743 quornm
381 3659 496 3722 ultima
525 3658 558 3720 in
589 3657 685 3743 primi
714 3657 849 3742 spondei
877 3658 961 3720 thesi
993 3663 1067 3724 stat.
1112 3657 1200 3741 Ergo
1224 3657 1344 3743 produ-

211 3764 295 3826 citur
320 3763 435 3827 ultima
459 3761 703 3847 disyllaborum,

297 3887 435 3950 aquae
465 3865 557 3929 brevi
586 3865 692 3928 vocali
724 3865 954 3942 terminantur,
985 3863 1053 3927 bis:
1091 3863 1190 3926 Inoa
1218 3855 1346 3947 γλυπτὰ

209 3963 444 4054 χρυσεότευκτα
468 3974 501 4032 et
516 3967 551 4030 ΙΙ
572 3970 629 4032 183
645 3965 723 4055 μηνὶ
738 3962 959 4053 χρυσοχίτωνι.
1004 3965 1055 4030 De
1079 3966 1127 4029 his
1145 3971 1255 4029 autem
1273 3986 1345 4028 ver·

212 4073 313 4150 sibus,
338 4073 413 4157 quia
437 4078 527 4135 muta
551 4076 584 4135 et
606 4071 730 4156 liquida
752 4071 885 4134 brevem
908 4067 1057 4134 vocalem
1074 4076 1239 4151 secuntur,
1263 4068 1347 4131 infra

211 4183 337 4261 agetur.

298 4281 328 4344 b.
352 4302 435 4366 quae
460 4286 582 4345 exeunt
604 4281 637 4343 in
661 4305 700 4345 αι
724 4286 780 4344 aut
803 4305 856 4359 οι,
880 4281 945 4344 bis:
975 4279 1071 4343 1229
1095 4271 1191 4343 αὐτοί
1219 4301 1287 4343 που
1315 4285 1349 4342 et

212 4387 274 4448 244
304 4381 442 4450 στικτοί.
493 4383 695 4456 Quibuscum
724 4385 803 4446 locis
836 4383 1076 4468 comparandus
1105 4388 1156 4447 est
1187 4380 1348 4446 Ohristod.

1176 4485 1193 4537 5
