3252 4954
692 317 903 376 ,10-

232 486 424 566 sententiae,
450 488 489 550 de
514 488 631 570 quibus
656 487 778 552 Paulus
804 489 881 571 egit,
905 489 969 550 iam
993 487 1033 550 ab
1058 488 1238 572 elegiarum
1262 489 1369 573 poetis

231 590 359 675 graecis
383 597 439 654 aut
463 593 572 655 latinis
596 597 754 656 tractatae
779 597 868 671 sunt,
893 613 1027 675 quorum
1052 613 1238 655 communes
1262 592 1370 656 fontes

232 699 349 777 poetas
373 694 615 759 Alexandrinos
646 696 747 760 fuisse
779 717 864 759 nunc
889 695 1018 780 quidem
1047 697 1132 759 inter
1154 717 1266 759 omnes
1292 717 1369 758 con-

234 801 321 860 stare
337 796 476 862 videtur.
524 797 595 870 Qua
619 799 658 863 de
676 820 711 862 re
728 820 831 884 nuper
849 799 1049 883 scripserunt
1069 798 1238 882 Augustus
1256 799 1333 863 Otto
1345 797 1370 884 1)

236 905 268 962 et
290 899 475 965 Fridericus
504 901 674 986 Mallet2),
704 903 759 987 qui
788 924 861 965 cum
888 923 1055 987 exponere
1079 901 1267 982 studerent,
1291 924 1371 988 quo-

235 1003 332 1067 modo
364 1004 555 1090 Propertius
588 1027 623 1069 se
653 1007 886 1092 adplicavisset
915 1006 954 1069 ad
979 1011 1150 1092 poetarum
1180 1027 1372 1090 graecorum

236 1109 404 1192 exempla,
436 1109 567 1194 saepius
597 1110 637 1174 de
661 1111 915 1196 Byzantiuorum
945 1111 1189 1195 epigrammatis
1225 1109 1371 1195 disputa-

239 1218 365 1276 verunt.
412 1211 462 1274 Ad
493 1212 631 1276 Paulum
662 1213 791 1297 quidem
823 1215 998 1300 praecipue
1022 1213 1176 1278 Malletus
1202 1215 1372 1298 spectavit.

323 1323 394 1386 Iam
422 1324 500 1387 mihi
528 1324 652 1388 licitum
682 1325 724 1388 sit
752 1326 814 1390 hoc
845 1327 916 1389 loco
945 1347 985 1390 ea
1017 1326 1111 1388 Pauli
1136 1326 1374 1410 epigrammata

238 1430 271 1492 in
293 1449 394 1491 unum
418 1429 589 1512 colligere,
618 1429 735 1513 quihus
764 1429 819 1493 ille
847 1430 990 1514 priorum
1013 1435 1183 1514 poetarum
1207 1429 1374 1494 adseclam

239 1555 273 1597 se
304 1533 454 1618 praebuit
481 1538 537 1594 aut
567 1537 635 1596 toto
669 1539 861 1616 argumento
892 1539 962 1614 aut,
992 1533 1099 1617 quoad
1123 1532 1203 1613 vidi,
1236 1533 1373 1617 singulis

239 1643 364 1702 tantum
388 1637 569 1701 sententiis.
617 1637 651 1700 si
674 1643 782 1701 autem
800 1638 989 1722 neglexero,
1013 1659 1097 1723 quae
1121 1642 1374 1703 commemoratu

240 1739 339 1823 digna
358 1739 432 1820 sint,
455 1739 598 1802 futurum
623 1760 695 1802 esse
720 1761 825 1825 spera,
849 1747 885 1803 ut
901 1741 997 1803 venia
1014 1741 1090 1804 mihi
1108 1741 1212 1805 detur.
1258 1741 1375 1805 Paucis

240 1843 347 1906 verbis
371 1849 565 1926 argumenta
589 1843 789 1928 singulorum
815 1845 992 1907 carminum
1016 1845 1234 1929 praemittam.

329 1956 408 2020 Sero
438 1963 536 2041 poeta
569 1978 605 2021 se
626 1958 741 2020 amoris
772 1957 848 2040 iugo
874 1956 1026 2022 subdidit.
1077 1957 1306 2022 Paul.V23t.
1337 1958 1376 2021 cf.

242 2059 378 2144 Melagr.
390 2059 458 2123 ΧΗ
472 2062 522 2123 23.

202 2260 203 2264 Ἰ
327 2171 378 2235 Ne
403 2173 475 2256 quis
499 2172 613 2235 timeat
638 2173 775 2257 sagittas
799 2145 962 2258 pennasve
987 2173 1118 2250 amaria,
1148 2175 1224 2257 quia
1250 2175 1377 2258 inipso

242 2281 341 2361 poeta
365 2296 421 2339 eas
443 2274 587 2359 perdidit
610 2275 701 2340 deus.
747 2276 839 2340 Paul.
856 2275 887 2339 V
904 2277 976 2340 268.
1016 2275 1202 2340 Admodum
1225 2277 1378 2361 frequens

244 2387 295 2444 est
312 2381 395 2444 haec
419 2380 582 2442 sententia
607 2378 692 2464 apud
709 2379 873 2463 elegiacos
891 2385 1016 2464 poetas.
1056 2379 1095 2442 cf.
1117 2380 1268 2443 Archiam
1283 2381 1314 2444 V
1327 2384 1378 2446 58.

245 2485 342 2570 Prop.
366 2481 462 2562 1113,
483 2485 520 2544 14
539 2503 607 2566 sqq.
632 2482 724 2563 (Luc.
742 2479 879 2566 Muell.).
924 2481 1076 2545 Nonnum
1099 2483 1140 2546 D.
1158 2486 1209 2564 42,
1227 2487 1266 2547 96
1290 2485 1378 2563 alios,

246 2589 300 2673 qui
327 2586 502 2650 laudantur
525 2585 609 2671 apud
634 2585 803 2649 Malletum
827 2608 857 2671 p.
878 2589 915 2651 18
940 2585 1013 2651 adn.
1029 2591 1057 2652 l.

332 2698 455 2772 Quavis
484 2700 589 2763 forma
616 2700 727 2783 puella
756 2704 888 2782 poetam
917 2699 1105 2764 inflammat.
1155 2699 1246 2765 Paul.
1263 2700 1378 2766 V260.

246 2805 286 2869 cf.
311 2795 428 2870 aidc'urr.
453 2803 551 2868 V26.
597 2802 716 2867 Tibull.
732 2801 781 2865 IV
798 2805 827 2881 2,
845 2805 874 2866 9.
920 2802 1016 2887 Prop.
1034 2803 1068 2865 H
1087 2809 1113 2884 1,
1132 2807 1160 2866 5.
1193 2803 1286 2868 Ovid.
1304 2827 1333 2870 a.
1350 2827 1379 2868 a.

245 2907 279 2970 Il
297 2911 359 2972 295
377 2929 445 2992 sqq.
467 2946 508 2954 —
532 2906 571 2969 ad
590 2929 618 2970 v.
635 2910 663 2969 7.
688 2906 800 2970 videas
825 2905 985 2990 Meleagri
1009 2905 1038 2969 V
1059 2909 1129 2985 140,
1147 2911 1175 2971 l.

334 3019 495 3084 Obsecrat
526 3025 626 3104 poeta
654 3019 811 3103 puellam,
841 3025 878 3081 ut
911 3023 1006 3082 sanet
1034 3019 1170 3099 vulnus,
1202 3019 1287 3102 quod
1319 3019 1381 3104 ipsi

245 3124 409 3204 intulerit,
441 3125 525 3186 sicut
548 3122 697 3186 Achilles
721 3123 868 3185 saucium
885 3121 1068 3206 Telephum
1093 3123 1264 3186 curaverit.
1287 3123 1379 3186 Paul.

245 3228 276 3291 V
294 3229 364 3292 291.
391 3227 430 3291 cf.
453 3227 548 3312 Prop.
572 3226 606 3289 ΙΙ
626 3233 652 3306 l,
670 3228 709 3289 63
736 3247 782 3310 sq.
808 3225 902 3288 Ovid.
945 3246 1024 3290 rem.
1053 3247 1114 3288 am.
1133 3227 1184 3291 43.
1210 3225 1380 3290 Macedon.

245 3331 371 3404 V225;
395 3331 489 3415 plura
512 3330 659 3394 invenies
683 3328 769 3414 apud
793 3328 949 3392 Ottcnem
972 3350 1002 3413 p.
1028 3331 1079 3392 21.

333 3442 407 3506 Non
439 3448 515 3525 eget
543 3441 655 3526 puella
684 3441 783 3503 cultu.
813 3439 866 3517 (cl.
896 3439 1019 3504 Mallet.
1044 3463 1074 3525 p.
1092 3442 1131 3502 33
1157 3439 1239 3524 sqq.)
1290 3440 1380 3505 Paul.

245 3547 276 3610 V
294 3549 366 3612 270.
391 3547 430 3610 cf.
448 3544 547 3628 Prop.
565 3544 581 3606 I
598 3546 627 3608 2.
652 3543 752 3608 Anth.
766 3542 839 3605 Lat.
857 3545 918 3606 897
936 3542 1013 3626 (R).

335 3649 433 3714 Cuius
467 3649 572 3732 gratia
608 3651 705 3730 poeta
734 3667 769 3710 se
802 3647 886 3709 colat
919 3647 981 3710 nisi
1011 3654 1146 3732 propter
1178 3648 1381 3733 Rhodopen?

246 3753 382 3818 PaulV
403 3755 475 3816 228.
510 3750 549 3815 cl.
575 3749 648 3813 Tib.
672 3749 734 3829 18,
753 3752 771 3812 9
796 3770 864 3833 sqq.

333 3859 371 3921 In
400 3855 753 3943 paraelausithyrorum
783 3875 918 3918 numero
950 3854 1138 3917 habendum
1171 3861 1222 3918 est
1252 3877 1383 3919 carmen

246 3963 295 4027 Vl
312 3966 362 4042 71,
387 3961 471 4046 quod
494 3967 627 4046 propter
651 3959 807 4022 eroticum
830 3963 1058 4042 argumentum
1081 3959 1143 4023 hoc
1166 3960 1237 4023 loco
1262 3981 1382 4044 ponere

247 4069 354 4130 liceat.
400 4065 489 4128 Dicit
505 4070 603 4150 poeta
627 4063 666 4127 de
682 4063 883 4146 Anaxagora
899 4062 1047 4146 quodam,
1071 4064 1125 4147 qui
1144 4065 1273 4148 puellae
1291 4085 1383 4127 ecro-

246 4191 369 4250 narum,
394 4169 597 4254 capillorum,
622 4166 810 4252 poculorum
835 4167 999 4250 reliquias,
1022 4167 1138 4253 prioris
1155 4169 1275 4232 amoris
1293 4189 1382 4230 mne-

336 4361 354 4424 ¹)
375 4358 414 4410 De
432 4356 534 4409 fabulis
554 4355 753 4424 Propertianis.
792 4356 943 4410 Vratislav.
964 4357 1039 4408 1880.

333 4446 354 4511 a)
375 4443 557 4508 Quaestiones
576 4443 784 4511 Propertianae.
821 4443 949 4512 Gotting.
969 4442 1044 4495 1882.
