3252 4954
719 306 911 365 ..2-

733 543 895 643 Parsql.
916 637 919 643 y

502 718 564 798 Ile
591 716 721 798 Pauli
749 702 1000 828 silentiari
1022 716 1126 796 vita.

334 961 529 1045 Priusquam
556 960 597 1023 ad
626 961 699 1045 ipsa
728 960 822 1024 Pauli
850 961 994 1023 carmina
1021 961 1191 1040 accedam,
1225 981 1307 1045 qnae
1341 959 1390 1030 dc.

246 1068 363 1148 poetae
404 1065 471 1128 vita
506 1066 671 1128 enucleari
706 1066 847 1150 possint,
885 1057 1032 1148 quamvis
1065 1086 1171 1149 pauca
1201 1065 1381 1148 proferam;

248 1189 344 1252 quern
379 1168 502 1231 vixisse
535 1168 594 1232 sub
624 1168 805 1232 Iustiniano
835 1169 1033 1253 imperatore
1067 1189 1139 1231 cum
1177 1189 1219 1231 ex
1254 1167 1382 1231 duobus

247 1279 396 1335 veterum
423 1271 620 1334 testimoniis
648 1277 716 1334 turn
745 1271 913 1355 exipsius
937 1277 1055 1356 poetae
1080 1271 1276 1334 carminibus
1301 1271 1381 1333 satis

247 1376 451 1461 perspicitur.

333 1479 612 1544 Proficiscendum
652 1486 761 1544 autern
800 1484 851 1542 est
888 1500 908 1542 a
941 1479 1035 1542 Pauli
1069 1480 1247 1564 poematis,
1283 1485 1381 1564 atque

247 1585 385 1668 primum
409 1584 540 1668 quidem
566 1603 783 1669 exponemus,
812 1604 874 1666 quo
907 1589 1054 1668 tempore
1079 1589 1186 1646 ortum
1215 1585 1257 1646 sit
1279 1584 1382 1647 maius

246 1687 326 1750 illud
343 1709 475 1751 carmen
488 1688 645 1752 continuis
657 1687 859 1751 hexametris
876 1685 916 1750 de
934 1707 1053 1770 magna
1065 1687 1217 1771 Byzantii
1230 1687 1380 1768 ecclesia,

247 1789 376 1875 Hagia
400 1789 561 1876 Sophia,
586 1791 751 1875 scripturn.
797 1789 891 1862 Quod
906 1790 1201 1875 praeclarissimum
1225 1791 1383 1874 templum

248 1895 288 1958 ab
320 1895 462 1958 omnium
494 1900 637 1958 aetatum
669 1895 745 1958 viris
774 1894 893 1976 doctis,
927 1895 995 1958 sive
1028 1895 1059 1958 ei
1083 1894 1382 1979 Constantinopolis

248 1996 398 2062 aedificia
426 1999 459 2062 in
489 1999 634 2062 historiis
662 1999 778 2063 leviter
804 2005 930 2062 tantum
959 1999 1217 2084 perstringentes
1242 2019 1383 2062 comme-

249 2123 421 2166 moravere
468 2103 535 2166 sive
575 2124 614 2167 ea
651 2102 894 2188 monographiis
942 2103 1123 2166 accuratius
1167 2102 1381 2186 descripsere,

249 2207 381 2270 summis
399 2228 529 2292 semper
550 2207 700 2270 laudibus
718 2208 944 2272 extollebatur.
990 2207 1060 2271 Nec
1076 2209 1203 2288 mirum,
1227 2230 1302 2271 nam
1318 2229 1383 2272 non

249 2311 354 2373 solum
386 2310 508 2394 insigni
539 2311 712 2375 maiestate
743 2316 775 2374 et
799 2311 1001 2396 praestantia
1029 2312 1087 2376 sed
1112 2313 1209 2375 etiam
1233 2313 1383 2376 fortunae

248 2414 530 2478 vicissitudinibus
574 2415 713 2478 ccclesia
751 2415 809 2477 illa
845 2415 987 2478 omnium
1022 2415 1214 2480 advertebat
1248 2417 1385 2496 animos,

248 2538 355 2600 neque
383 2517 469 2580 enim
493 2538 565 2582 raro
590 2522 646 2580 aut
666 2522 804 2580 naturae
828 2522 884 2580 aut
903 2519 1092 2582 immanium
1109 2519 1276 2583 hominum
1300 2520 1385 2584 sedi-

247 2620 390 2684 tionibus
427 2621 572 2684 maxima
607 2621 639 2682 in
677 2621 824 2705 pericula
863 2621 1091 2704 vocabatur1),
1141 2623 1231 2686 velut
1271 2623 1384 2686 eodem

247 2724 428 2788 iustiniano
461 2726 657 2812 imperatore
688 2725 738 2788 bis
763 2725 870 2788 diruta
902 2747 940 2789 ac
963 2726 1112 2790 restituta
1136 2733 1196 2791 est.
1241 2728 1385 2792 Primum

249 2831 336 2893 enim
359 2835 531 2915 postquam
556 2849 640 2892 anuo
663 2851 694 2914 p.
713 2827 787 2894 Ohr.
805 2851 836 2892 n.
855 2831 917 2893 532
932 2830 1143 2894 Prasinorum
1166 2831 1275 2909 factio,
1301 2854 1384 2917 quae

250 2940 364 2997 contra
387 2933 620 3018 imperatorem
643 2931 906 3018 rebellaverat2),
934 2933 1064 3017 ignibus
1092 2933 1248 2998 subiectis
1279 2936 1384 2998 maxi-

248 3059 334 3100 mam
345 3037 506 3101 ecclesiae
515 3043 642 3122 partem
655 3036 787 3117 delevit,
798 3035 996 3100 lastinianus
1010 3038 1115 3102 denuo
1128 3058 1201 3100 eam
1213 3039 1385 3118 exstruxit,

249 3147 285 3206 ut
308 3141 449 3226 quinque
473 3147 548 3226 post
571 3162 673 3204 annos
697 3140 740 3222 (a.
759 3141 834 3224 537)
859 3147 1107 3205 consecraretur
1116 3141 1151 3226 ³).

339 3244 405 3309 Sed
428 3266 493 3308 non
517 3246 563 3308 ita
585 3245 686 3308 multo
709 3250 800 3330 post,
825 3267 854 3310 a.
870 3245 1005 3309 XXXII
1028 3247 1157 3331 imperii
1180 3245 1384 3320 Iustinianei,

250 3371 322 3414 cum
365 3350 463 3434 paulo
504 3355 579 3412 ante
620 3349 763 3413 ecclesia
809 3350 995 3434 ingentibus
1040 3355 1145 3413 terrae
1188 3350 1329 3413 motibus
1367 3371 1386 3412 a

250 3453 451 3537 Theophane
477 3451 522 3538 (p.
541 3455 613 3528 231,
634 3457 667 3516 11
689 3452 773 3538 sqq.)
804 3453 934 3517 disertis
958 3454 1066 3517 verbis
1090 3453 1261 3538 descriptis
1285 3453 1384 3516 vehe-

250 3557 454 3620 mentissime
483 3555 681 3620 labefactata
711 3562 813 3637 esset,
842 3557 975 3621 maximi
1003 3559 1083 3621 tholi
1116 3578 1207 3642 pars,
1237 3577 1320 3642 quae
1344 3556 1385 3620 ad

250 3660 407 3723 orientem
426 3664 564 3744 spectat,
581 3658 622 3722 ad
637 3665 757 3722 terram
772 3661 919 3745 proiecta
944 3665 1003 3739 est,
1028 3681 1092 3745 qua
1106 3661 1198 3724 ruina
1222 3666 1254 3725 et
1270 3661 1386 3724 altaria

341 3885 361 3951 ¹)
380 3885 420 3938 De
437 3883 521 3937 huius
534 3882 611 3936 aedis
624 3881 743 3936 historia
761 3883 794 3936 cf.
814 3882 956 3952 egregiam
975 3883 1018 3936 Du
1032 3882 1132 3952 Gangii
1151 3883 1385 3948 dissertationem,

250 3986 321 4036 quae
346 3969 433 4023 etiam
455 3969 486 4023 in
504 3969 586 4022 Pauli
609 3969 732 4023 editione
757 3969 793 4022 ab
812 3969 890 4022 lmm.
909 3969 1035 4024 Bekkero
1057 3970 1087 4022 in
1106 3969 1247 4024 Bonnensi
1272 3987 1386 4039 corpore

250 4056 415 4124 scriptorum
434 4057 650 4124 Byzantinorum
671 4058 768 4109 curata
785 4055 898 4124 legitur.

339 4143 358 4206 ²)
377 4141 436 4195 Hac
461 4141 495 4195 de
519 4141 669 4205 seditione,
696 4157 767 4208 quae
792 4139 938 4194 dicebatur
957 4140 1037 4204 orna,
1063 4142 1218 4210 complures
1237 4142 1386 4212 scriptores

249 4226 383 4281 historiae
401 4227 573 4295 Byzantinae
592 4243 740 4281 narravere
746 4248 752 4291 ;
771 4229 882 4296 praeter
901 4230 1006 4281 ceteros
1021 4227 1208 4297 Theophanes·
1223 4228 1253 4280 in
1272 4230 1386 4282 chrono-

249 4313 381 4382 graphia,
408 4313 485 4367 cuius
508 4314 582 4368 locos
601 4314 723 4368 laudabo
742 4313 836 4368 Boorii
856 4313 1007 4368 editionem
1026 4317 1137 4368 secutus
1157 4314 1280 4383 (Lipsiae
1300 4316 1385 4382 1883).

339 4403 358 4470 8)
379 4400 474 4454 videas
493 4401 672 4470 Theophanis
691 4401 879 4455 narrationem
900 4420 926 4470 p.
939 4402 998 4466 217,
1013 4404 1045 4456 16
1058 4419 1116 4469 sqq.
