3224 4946
732 315 940 375 „74-

269 487 372 550 semel
399 485 551 549 Nonnum
583 491 714 550 secutus
747 508 776 551 a.
802 489 863 548 245
897 475 1161 566 ἀλλοπρόσαλλα.
1215 481 1402 546 Admodum

268 596 378 654 autem
402 590 510 654 aliena
533 589 574 653 ab
598 610 659 652 usu
675 589 783 653 Nonni
807 594 858 652 est
879 588 1041 673 correptio
1063 587 1097 650 in
1115 587 1294 671 posteriore
1319 586 1404 652 thesi

268 690 362 777 pedis
378 691 418 756 V.
444 690 596 770 admissa,
621 713 650 756 a.
668 693 730 754 232
755 683 979 775 ἰσοπλεύρους.
1015 687 1082 752 Sed
1098 687 1177 752 haec
1195 689 1348 774 exempla
1371 690 1403 753 in

269 793 407 858 ambone
437 799 620 858 occurrunt.
674 793 834 857 Ambonis
866 799 976 857 autem
1005 813 1033 856 v.
1056 793 1114 855 184
1144 791 1288 872 initium,
1320 793 1405 856 sicut

270 897 302 960 in
319 897 429 960 codice
445 896 583 980 legitur:
607 888 683 960 οὐδὲ
704 893 763 978 μὲν
778 887 854 960 οὐδὲ
868 889 1047 980 βάθροισιν
1068 894 1186 958 falsum
1212 915 1286 958 esse
1308 903 1403 981 puto;

270 1019 398 1084 semper
427 999 512 1062 enim
543 999 576 1061 in
606 999 707 1063 verbo
735 992 864 1084 βάθρον
892 997 1015 1062 Paulus
1048 998 1209 1083 positione
1241 999 1344 1063 utitur
1371 1000 1404 1062 in

269 1106 366 1170 thesi.
413 1104 461 1169 uf.
476 1126 503 1168 a.
518 1109 569 1168 24.
583 1108 633 1168 97.
658 1105 836 1170 Praeterea
850 1111 979 1189 spectes
996 1127 1119 1190 quaeso
1136 1105 1229 1169 initia
1252 1127 1281 1169 v.
1293 1104 1329 1167 II
1342 1106 1404 1166 270

270 1201 346 1274 οὐδὲ
367 1205 427 1291 μὲν
449 1199 486 1272 οὗ
504 1214 536 1272 et
551 1207 586 1271 ΙΙ
601 1210 663 1272 287
687 1200 763 1273 οὐδὲ
777 1205 836 1290 μὲν
852 1200 921 1273 οὐδ’
940 1200 1055 1273 αὐτῶν.
1102 1201 1225 1274 Verum
1248 1201 1325 1274 odda*
1346 1203 1405 1289 μὲν

269 1304 346 1378 οὐδέ
358 1313 458 1377 verba
468 1311 530 1375 hoc
542 1312 725 1376 hexametri
741 1313 811 1376 loco
830 1333 894 1376 non
910 1312 1040 1376 obviam
1055 1313 1136 1376 fiunt
1151 1311 1237 1397 apud
1253 1311 1403 1376 Paulum.

354 1415 600 1502 Epigrammata
630 1422 697 1480 tres
726 1417 808 1480 tales
839 1401 1061 1500 correptiones
1095 1416 1271 1501 praebent;
1303 1415 1405 1479 semel

270 1520 397 1602 (V175,
413 1519 444 1603 1)
459 1520 492 1582 in
508 1519 639 1583 nornine
657 1520 803 1605 proprio:
820 1511 1025 1604 Ἄνδροκλος,
1043 1511 1202 1584 timothoe.
1238 1518 1269 1580 V
1284 1521 1356 1598 281,
1370 1521 1404 1580 2:

270 1617 512 1710 domiciliorum
540 1616 647 1708 θύρας
679 1623 725 1706 (in
759 1621 843 1708 pede
866 1623 924 1686 IV.
947 1622 1175 1708 pentametri);
1205 1623 1406 1708 quinetiam

271 1729 302 1791 in
328 1727 489 1813 disyllabo
513 1727 722 1807 V11307,1:
745 1723 780 1791 τί
803 1725 840 1792 δὲ
858 1727 975 1805 codam
997 1724 1121 1807 πατρὶς
1143 1723 1180 1792 de'
1200 1750 1259 1810 μοι
1281 1725 1348 1791 κτλ.
1373 1726 1406 1790 in

269 1833 450 1916 posteriore
474 1830 560 1894 thesi
583 1830 674 1915 pedis
697 1831 760 1894 ΙΙΙ.

359 1933 663 2018 Contemplantibus
687 1940 796 1998 autem
829 1931 922 1996 nobis
950 1938 1053 1997 totum
1084 1933 1169 1997 hunc
1193 1933 1286 1996 Pauli
1311 1954 1406 1997 usum

272 2039 424 2123 religiose
458 2038 491 2100 in
522 2038 709 2102 universum
740 2037 782 2102 ad
812 2037 920 2101 Nonni
952 2039 1176 2102 auctoritatem
1206 2036 1406 2123 adplicatum

271 2143 352 2207 haec
374 2142 430 2206 lex
454 2141 681 2206 constituenda
705 2147 770 2206 est:
799 2140 969 2228 productio
1000 2163 1040 2205 m.
1066 2147 1099 2205 et
1122 2142 1142 2204 l.
1167 2141 1254 2207 facta
1277 2163 1407 2227 semper

270 2248 377 2310 locum
400 2251 491 2310 tenet
514 2246 548 2309 in
570 2247 650 2330 ipsis
673 2246 842 2310 vocabulis
861 2246 1002 2331 plurium
1025 2266 1122 2331 quam
1146 2245 1282 2310 duarum
1306 2247 1406 2331 sylla-

270 2351 396 2414 barum.
442 2348 558 2433 Itaque
574 2349 670 2413 Pauli
687 2370 816 2434 quoque
839 2371 900 2412 usu
916 2348 1159 2414 demonstratur
1174 2356 1264 2413 recte
1286 2369 1406 2435 repug-

271 2475 369 2517 nasse
393 2451 675 2535 Baumgartenum
699 2455 743 2537 (p.
761 2455 801 2514 46
818 2451 879 2536 sq.)
903 2451 1068 2536 Hilbergii
1091 2453 1159 2537 legi
1182 2451 1285 2532 XIV,
1311 2472 1407 2536 quarn

272 2557 317 2620 sio
342 2555 410 2619 fere
428 2554 573 2619 condidit
594 2556 643 2618 vir
660 2554 772 2618 doctus
795 2553 951 2639 (p.174):
982 2553 1136 2617 Nonnum
1159 2555 1192 2618 in
1214 2555 1265 2618 bis
1281 2560 1408 2620 tantum

270 2659 380 2725 verbis
404 2659 599 2745 positionem
624 2657 764 2722 debilem
788 2657 993 2738 adhibuisse,
1027 2665 1053 2726 1.
1077 2679 1160 2742 quae
1189 2659 1309 2723 omissa
1332 2681 1407 2745 pro-

273 2763 427 2829 ductione
451 2763 666 2827 abhorrerent
689 2762 730 2826 ab
753 2762 960 2836 hexametro,
991 2765 1020 2828 2.
1045 2784 1129 2848 quae
1153 2765 1179 2827 si
1202 2785 1266 2827 non
1287 2762 1407 2848 produ-

273 2874 441 2948 cerentur,
475 2867 507 2929 in
537 2866 628 2930 nulla
657 2866 720 2930 alia
751 2887 866 2930 versus
896 2865 974 2930 sede
1008 2867 1086 2952 poni
1115 2872 1252 2951 possent
1281 2867 1344 2930 nisi
1376 2867 1408 2930 in

272 2971 375 3050 initi0,
400 2973 428 3035 3.
453 2969 571 3056 quibus
595 2991 708 3034 versus
731 2970 937 3055 inciperetur.

359 3073 494 3138 Eisdem
518 3079 629 3138 autem
646 3073 928 3137 observationibus
953 3073 1054 3138 etiam
1075 3070 1209 3136 Godolr.
1227 3072 1409 3137 Hermanni

272 3180 437 3242 sententia
460 3177 629 3257 refellitur,
653 3198 751 3261 quam
773 3177 845 3262 ipse
861 3176 1018 3241 Lohrsius
1041 3177 1244 3262 impugnavit
1267 3177 1408 3261 (quaest.

272 3283 354 3367 epio.
372 3304 403 3367 p.
419 3284 505 3366 262).
541 3282 603 3346 Ille
628 3281 714 3344 enim
736 3280 947 3365 paucioribus
965 3281 1126 3367 exemplis
1142 3282 1240 3345 nixus
1256 3281 1410 3344 Nonnum

273 3406 371 3470 aegre
394 3391 520 3449 tantum
545 3385 678 3449 atticam
695 3383 932 3469 correptionem
956 3384 989 3447 in
1013 3385 1161 3449 clausula
1184 3385 1276 3449 verbi
1305 3383 1409 3448 admi-

272 3490 355 3554 sisse
380 3489 556 3569 contendit,
581 3509 654 3553 cum
676 3495 765 3554 recte
788 3488 925 3554 vidisset
958 3491 990 3553 in
1013 3489 1093 3576 ipsis
1116 3489 1225 3554 verbis
1249 3509 1321 3554 eam
1345 3509 1410 3551 non

272 3592 474 3679 deprehendi
492 3593 554 3656 nisi
567 3592 599 3655 in
612 3593 783 3677 perpaucis
799 3591 983 3658 nominibus
995 3593 1144 3678 propriis.
1177 3592 1300 3656 Verum
1312 3613 1353 3655 nc
1368 3591 1408 3655 de

272 3697 376 3760 Paulo
401 3696 532 3782 quidem
557 3701 646 3760 recte
672 3697 936 3760 commemoravit
951 3695 1162 3760 Hermannus
1185 3695 1300 3781 (Orph.
1324 3694 1408 3760 Add.

273 3824 302 3887 p.
321 3799 470 3885 XXVII)
499 3801 626 3886 parcius
656 3821 729 3864 eum
754 3801 957 3885 correptione
981 3806 1037 3864 att.
1068 3801 1116 3864 uti
1145 3801 1178 3864 in
1201 3801 1307 3886 priore
1333 3799 1407 3862 dac-

272 3903 333 3987 tyli
358 3901 458 3977 thesi3
496 3901 669 3966 dicendum
700 3903 786 3966 enim
815 3909 886 3966 erat
913 3903 946 3966 in
975 3903 1156 3989 posteriore
1185 3902 1272 3966 thesi
1301 3923 1410 3968 rarum

274 4007 375 4071 fuisse
399 4006 485 4071 huno
508 4028 612 4072 usum.

361 4109 436 4184 Qua
465 4111 498 4175 in
526 4110 740 4196 productione
770 4109 916 4173 brevium
943 4110 1142 4195 syllabarum
1166 4115 1242 4174 ante
1265 4131 1307 4176 m.
1333 4117 1366 4176 et
1389 4112 1411 4177 l.

275 4213 460 4279 adhibenda
484 4237 557 4280 curn
581 4215 748 4299 aliquanto
772 4213 959 4278 liberiorem
982 4215 1136 4299 magistro
1159 4213 1297 4278 Paulum
1320 4215 1410 4280 vide-

272 4319 386 4400 rimus,
412 4341 485 4384 eum
501 4320 609 4384 Nonni
634 4318 839 4383 severitatem
865 4318 964 4382 etiarn
982 4338 1156 4402 superasse
1174 4338 1410 4402 cognoscemus

277 4421 463 4507 usurpanda
485 4424 518 4485 in
541 4444 581 4486 ea
603 4422 815 4508 productione
831 4421 1028 4506 syllabarum
1044 4421 1199 4501 finalium,
1225 4443 1307 4506 quae
1331 4423 1409 4486 sin-
