3224 4946
729 285 941 348 ..84-

268 493 307 504 -
332 456 415 522 Item
438 457 471 520 in
493 456 708 542 paroxytonis
740 475 813 520 raro
836 455 953 518 ultima
975 455 1168 541 producitur
1189 456 1223 518 in
1246 453 1403 538 semiqui-

267 561 368 624 naria.
413 559 497 623 Nam
528 560 561 622 in
586 559 634 622 eis
657 559 734 622 solis
757 557 882 634 verbis,
914 579 998 642 quae
1028 558 1124 622 aliter
1151 559 1184 621 in
1212 557 1405 622 hexametro

268 663 416 728 adhiberi
449 684 514 727 non
546 667 697 748 possunt,
729 661 813 725 hanc
836 661 1082 747 productionem
1117 661 1404 747 deprehendimus,

268 769 353 831 sicut
385 767 418 830 in
445 765 595 828 vocibus:
627 759 797 850 λαοτόρος,
830 758 1004 850 δρυτόμος,
1026 762 1253 850 χαμαιπαγέες
1275 770 1337 828 616.
1361 803 1404 810 -

267 870 420 955 Oxytona
449 889 533 953 quae
564 868 651 953 apud
673 869 812 932 Paulum
845 875 921 932 ante
952 869 1216 953 semiquinariam
1239 869 1404 952 leguntur,

268 972 378 1036 omnia
399 973 515 1056 longas
540 971 683 1053 syllabas
706 971 739 1034 in
761 971 825 1035 fine
848 971 980 1052 habent.

354 1075 394 1138 In
412 1095 549 1138 caesura
565 1073 684 1138 troch.
708 1073 774 1136 ΙΙΙ
795 1073 954 1160 imprimis
969 1079 1236 1160 proparoxytona
1258 1079 1315 1138 aut
1330 1094 1404 1158 pro-

268 1178 498 1263 perispomena
530 1184 739 1262 usurpantur.
804 1177 912 1240 Etiam
935 1177 988 1240 ad
1019 1177 1113 1241 Pauli
1148 1198 1243 1241 usum
1277 1181 1406 1262 spectat

268 1281 395 1366 Meyeri
407 1280 596 1345 observatio
620 1279 661 1344 de
677 1281 825 1364 oxytonis
842 1279 930 1343 facta
945 1279 981 1364 (l.
996 1281 1018 1347 l.
1033 1303 1064 1366 p.
1086 1279 1197 1363 1016);
1221 1301 1294 1344 1616
1318 1281 1405 1344 enim

269 1385 316 1468 (in
342 1388 380 1448 17
404 1383 469 1469 vv.)
493 1389 592 1469 poeta
614 1389 691 1448 ante
715 1383 799 1447 hanc
823 1403 991 1447 caesuram
1011 1389 1154 1468 oxytona
1177 1383 1315 1448 duarum
1338 1383 1404 1468 ayl-

269 1488 417 1552 labarum
440 1487 584 1552 admisit.

356 1589 422 1654 Sed
457 1609 540 1674 quae
575 1588 717 1652 diximus
751 1591 865 1652 contra
892 1587 1023 1652 'Piedkii
1056 1589 1163 1673 legem
1197 1587 1238 1652 de
1267 1593 1405 1652 accentu

270 1693 441 1756 verborum
473 1696 549 1756 ante
584 1690 849 1774 semiquinariam
884 1691 1060 1775 positorum
1095 1691 1272 1770 conditam,
1305 1691 1405 1754 etiam

269 1796 310 1859 ad
334 1796 579 1859 observationes
602 1793 765 1879 pertinent
787 1793 953 1857 institutas
977 1794 1017 1859 de
1041 1795 1088 1858 eis
1112 1795 1293 1875 vocabulis,
1321 1815 1405 1879 quae

270 1905 346 1963 ante
363 1919 532 1963 caesuram
548 1899 706 1965 mascul.
720 1897 759 1962 V.
778 1901 866 1961 stant
883 1896 938 1983 (of.
951 1897 1065 1966 Herm.
1079 1897 1171 1976 XIV,
1188 1921 1219 1984 p.
1234 1901 1296 1962 219
1310 1897 1405 1982 sqq.).

271 2002 341 2076 Quo
370 2003 439 2066 loco
469 2008 601 2087 propter
630 2001 766 2064 vitatam
796 1999 1041 2085 productionem
1073 2008 1107 2065 et
1138 2006 1407 2087 proparoxytona

270 2105 494 2187 (inveniuntur
517 2105 580 2170 duo
603 2105 636 2172 in
659 2129 694 2169 oc
717 2104 873 2168 exeuntia
894 2103 928 2167 Π
947 2107 1017 2168 121.
1040 2105 1074 2169 ΙΙ
1091 2107 1167 2180 359;
1191 2125 1287 2191 porro
1310 2105 1327 2168 Ι
1346 2107 1405 2168 130

270 2204 481 2275 taracinam.
517 2208 590 2272 115
620 2203 799 2291 ἕνίδρυσαν.
832 2211 892 2270 174
924 2202 1092 2294 ἑσπέριον)
1125 2215 1157 2272 61
1191 2213 1405 2293 paroxytona,

271 2333 407 2396 quorum
433 2314 549 2377 ultima
575 2313 682 2378 brevis
712 2319 777 2392 est,
805 2324 945 2396 'perraro
978 2319 1185 2402 usurpantur.
1236 2311 1407 2396 Disyllaba

270 2423 380 2480 autem
405 2417 590 2502 spondaico,
614 2438 698 2502 quae
720 2417 864 2481 maxime
886 2413 924 2482 τὲ
945 2423 1002 2482 aut
1024 2414 1062 2482 δέ
1083 2417 1218 2482 voculae
1242 2423 1406 2496 secuntur,

271 2525 304 2582 et
319 2521 490 2604 trisyllaba
505 2519 717 2604 anapaestico
732 2520 885 2600 vitantur,
909 2539 951 2584 ne
967 2522 1072 2584 auctis
1093 2522 1126 2584 in
1142 2522 1207 2586 fine
1223 2521 1408 2586 hexametri

271 2624 415 2686 caesuris
443 2624 578 2688 mascul.
611 2643 722 2687 versus
753 2623 884 2707 gravior
911 2623 980 2689 fiat.
1025 2624 1152 2689 Eadem
1175 2625 1216 2688 de
1240 2646 1341 2690 causa
1365 2645 1406 2688 ne

271 2725 446 2790 molossioa
473 2726 603 2810 quidem
635 2726 795 2791 vocabula
829 2725 884 2810 (cf.
912 2719 1068 2815 ἀλλήλας)
1103 2727 1245 2792 libenter
1280 2728 1321 2792 ab
1355 2727 1406 2790 his

272 2829 376 2914 poetis
414 2835 490 2894 ante
526 2850 693 2895 caesuram
728 2829 864 2894 mascul.
888 2829 919 2893 V
952 2830 1176 2896 admittuntur.
1213 2867 1249 2876 —
1289 2830 1405 2913 Itaque

271 2933 428 2998 Tiedkius
444 2955 555 2998 veram
577 2955 709 2998 oausam
726 2935 990 3000 observationum
1007 2956 1136 3000 suarum
1152 2935 1317 2998 invenisse
1341 2955 1406 2998 non

271 3035 407 3102 videtur.

356 3139 450 3204 Haec
473 3140 543 3206 1616
567 3140 677 3222 habui,
702 3163 786 3228 quae
803 3141 945 3208 dicerem
969 3142 1009 3206 dc
1025 3141 1120 3206 Pauli
1141 3139 1321 3204 Silentiarii
1336 3143 1405 3202 arte

271 3243 418 3309 metrica.
468 3243 595 3318 Quibus
624 3267 665 3310 ex
697 3244 994 3328 observationibus,
1027 3243 1154 3310 etiamsi
1184 3243 1313 3306 omnino
1341 3263 1406 3305 non

272 3345 351 3408 mihi
375 3368 477 3428 sumo,
500 3353 536 3412 ut
559 3349 606 3413 eis
623 3350 771 3435 perfecta
792 3351 900 3437 imago
923 3372 1000 3415 usus
1022 3349 1148 3414 metrici
1171 3347 1266 3411 huius
1288 3351 1405 3430 poetae

271 3448 348 3512 data
370 3449 424 3528 sit,
448 3450 510 3514 hoc
539 3458 628 3518 certe
652 3460 791 3540 apparet
812 3455 962 3535 Paulum,
985 3471 1181 3539 quamquam
1204 3448 1299 3514 modo
1322 3449 1405 3512 libe-

271 3552 389 3616 riorem
401 3539 496 3618 modo
513 3556 712 3623 severiorem
729 3580 826 3646 quam
839 3559 944 3644 ipsum
960 3557 991 3622 N
993 3577 1113 3621 onnum
1129 3555 1279 3631 vidimus,
1296 3559 1406 3616 tamen

271 3661 340 3719 tota
363 3662 433 3722 arte
457 3658 488 3722 in
504 3659 693 3728 universum
710 3668 885 3748 conspecta
900 3661 1125 3726 fidelissimum
1142 3657 1289 3742 magistri
1307 3655 1405 3720 disci-

271 3759 382 3842 pulum
404 3760 515 3828 fuisse.
560 3762 657 3830 Unde
673 3767 831 3852 sequitur,
854 3771 891 3828 ut
913 3765 981 3829 eius
1005 3784 1130 3843 versus,
1156 3783 1227 3825 cum
1246 3779 1405 3824 summam

271 3863 451 3946 praebeant
481 3866 665 3950 levitatem,
693 3870 853 3934 varietate
887 3869 1018 3932 omnino
1047 3871 1180 3932 careant
1209 3863 1406 3948 comparatis

272 3961 402 4046 quidem
434 3967 531 4030 variis
559 3967 671 4034 formis
703 3969 887 4036 hexametri
915 3968 1094 4034 Homerici.
1149 3965 1242 4040 Quae
1276 3964 1406 4030 exilitas

272 4085 343 4128 oum
367 4067 445 4152 ipsis
477 4089 536 4132 sex
563 4071 675 4136 formis
699 4074 872 4152 efficiatur,
896 4091 977 4156 quas
1005 4071 1091 4136 solas
1114 4070 1238 4134 Paulus
1265 4068 1407 4149 admisit,

273 4169 371 4232 etiam
388 4179 527 4255 augetur
549 4194 590 4240 66
612 4197 657 4258 16,
682 4176 768 4263 quod
783 4181 880 4262 poeta
903 4181 970 4239 tam
988 4195 1088 4261 saepe
1111 4173 1144 4238 in
1161 4172 1309 4238 versibus
1328 4191 1405 4235 con-

271 4270 370 4334 tinuis
400 4273 538 4340 eandem
570 4283 766 4346 structuram
788 4277 957 4344 metricam
982 4277 1145 4364 repetivit.
1191 4274 1257 4339 Sed
1279 4279 1405 4338 tantum

271 4372 376 4452 abest,
398 4379 435 4435 ut
457 4377 591 4441 consilio
613 4387 746 4463 poetam
760 4381 842 4444 haec
855 4379 991 4447 16616666
1006 4379 1155 4462 arbitrer,
1178 4384 1215 4444 ut
1237 4377 1404 4442 servitutis

576 4778 881 4896 j
