3252 4954
737 1317 889 1431 Vita

297 1590 300 1594 .
329 1537 437 1601 Natus
467 1558 539 1602 sum
561 1537 715 1602 Basileae
745 1537 887 1602 Ioannes
911 1537 1095 1603 Guilelmus
1124 1538 1229 1604 Iulius
1252 1539 1379 1605 Meriau

245 1657 505 1742 Epiphaniorum
529 1655 582 1721 die
605 1658 681 1721 anni
705 1657 736 1723 h.
754 1680 780 1724 s.
802 1657 951 1722 bellicosi
973 1657 1084 1722 LXVI
1107 1663 1201 1744 patre
1225 1658 1377 1740 Aemilio,

243 1783 351 1842 matre
359 1777 501 1844 Aemilia
524 1775 564 1844 de
588 1783 686 1863 gente
702 1777 842 1844 Genast.
887 1776 980 1843 Fidei
993 1776 1178 1864 adscriptus
1193 1799 1264 1843 sum
1280 1801 1379 1844 evan-

242 1897 379 1984 gelicae.
415 1896 509 1963 Duos
519 1897 628 1963 autem
640 1903 715 1984 post
727 1918 830 1963 annos
843 1903 937 1984 pater
949 1895 1125 1983 longinquo
1137 1896 1249 1963 morbo
1262 1919 1379 1963 munus

244 2017 407 2104 deponere
420 2025 554 2085 coactus
566 2041 639 2084 cum
652 2019 719 2084 suis
738 2024 963 2104 transgressus
978 2025 1029 2084 est
1040 2017 1221 2084 Vrmariam
1236 2017 1378 2084 Thurin-

242 2161 369 2226 gorum,
392 2141 425 2204 iu
445 2139 583 2226 patriam
602 2139 727 2207 matris.
770 2137 839 2204 Ubi
851 2139 1023 2205 elementis
1041 2139 1224 2206 litterarum
1236 2141 1379 2206 imbutus

241 2282 323 2346 puer
352 2282 468 2327 novem
501 2283 657 2328 annorum
686 2265 836 2348 receptus
871 2283 943 2326 sum
970 2261 1002 2327 in
1024 2262 1230 2348 gymnasium
1253 2261 1378 2328 Guilel-

242 2379 588 2463 mum-Ernestinum,
618 2383 669 2448 cui
704 2390 774 2448 tum
806 2389 958 2470 praeerat
991 2370 1201 2448 Hermannus
1229 2383 1379 2450 Rassow,

241 2499 340 2567 Anno
352 2501 384 2569 h.
398 2525 423 2568 s.
443 2502 621 2568 LXXXIV
633 2503 830 2570 maturitatis
843 2501 1027 2570 testimonio
1039 2501 1206 2568 Ludovieo
1219 2502 1379 2588 Weniger

241 2628 369 2687 rectore
397 2623 575 2688 instructus
598 2623 782 2710 Tubingam
816 2646 868 2690 me
896 2625 1034 2704 contuli,
1061 2625 1117 2689 ubi
1144 2628 1297 2710 quattuor
1320 2644 1379 2709 per
1460 2597 1466 2606 ¹

241 2743 414 2810 semestria
444 2744 650 2830 frequentavi
680 2745 811 2811 scholas
839 2747 981 2811 virorum
1012 2746 1180 2811 doctorum
1210 2743 1377 2825 Geldneri‚

241 2861 370 2930 Alfredi
393 2863 434 2929 de
450 2863 643 2930 Gutschmid
664 2886 768 2951 nuper
790 2865 885 2931 nobis
908 2865 1011 2931 flebili
1032 2871 1134 2930 morte
1151 2865 1267 2951 erepti,
1283 2863 1376 2948 Kug-

239 2985 311 3066 leri,
335 2984 685 3071 Pflugkii·Hartuugii,
708 2985 837 3066 Rohdii,
862 2985 1035 3068 Schwabii,
1052 2985 1218 3078 Sieversii,
1236 2983 1376 3071 Spittaa.

242 3105 414 3171 Seminarii
444 3127 464 3170 a
489 3105 618 3170 Rohdio
656 3104 817 3170 moderati
853 3104 974 3172 sodalis
1012 3105 1059 3170 lui
1089 3103 1376 3185 extraordinarius,

240 3225 424 3292 ordinarius
449 3226 615 3291 seminarii
638 3225 786 3291 historici
810 3224 1036 3292 Gutschmidio
1059 3225 1209 3312 praeside
1232 3247 1292 3311 per
1313 3225 1377 3290 tria

169 3347 171 3352 ’
243 3347 424 3412 semestris.
470 3345 599 3413 Deinde
616 3347 845 3433 transmigravi
860 3347 1079 3430 Monachium‚
1102 3354 1139 3412 ut
1161 3368 1220 3433 per
1242 3346 1292 3412 bis
1316 3367 1377 3410 sex

241 3489 374 3533 menses
414 3468 561 3534 audirem
597 3468 757 3534 lectiones
796 3468 986 3555 Barnaysii‚
1023 3469 1176 3551 Brunnii,
1213 3468 1376 3549 Druffelii,

244 3587 411 3668 Schoellii‚
424 3585 623 3656 Woelfflini.
667 3587 800 3654 Rudolfi
817 3589 950 3656 Schoell
973 3589 1175 3676 benignitate
1198 3589 1277 3653 mihi
1299 3610 1375 3654 con-

119 3748 123 3756 ·
241 3708 335 3795 tigit,
366 3714 402 3773 ut
432 3709 627 3774 interessem
657 3709 776 3775 sodalis
808 3731 867 3796 per
896 3732 955 3776 sex
978 3732 1109 3776 menses
1140 3716 1173 3775 et
1203 3710 1376 3775 seminario

240 3836 274 3894 et
289 3830 452 3912 societati,
473 3830 591 3916 quibus
613 3831 669 3896 ille
691 3838 852 3917 praeerat.
897 3830 962 3896 Sed
982 3832 1164 3917 interrupta
1180 3837 1254 3895 sunt
1268 3831 1376 3895 studia

210 3947 212 3954 '
241 3969 316 4013 mea
332 3947 547 4014 Monacensis
569 3955 675 4015 morte
699 3950 859 4016 carissimi
882 3952 1043 4033 avunculi,
1068 3951 1222 4016 Guilelmi
1239 3951 1374 4033 Genast,

241 4069 305 4154 qui,
328 4075 503 4155 postquam
527 4075 622 4156 pater
646 4069 725 4134 mihi
747 4072 885 4156 puerulo
910 4078 1036 4158 septem
1061 4093 1218 4137 annorum
1241 4077 1374 4158 ereptus

238 4197 306 4270 est,
342 4190 435 4274 quasi
470 4190 554 4254 alter
585 4194 681 4274 pater
715 4190 871 4276 singulari
904 4213 957 4257 me
986 4191 1157 4276 amplexus
1185 4197 1237 4257 est
1264 4214 1374 4258 amore

238 4317 336 4396 atque
366 4331 452 4374 cura.
499 4308 572 4383 Quo
601 4314 729 4373 mortuo
757 4331 798 4376 ne
830 4311 1098 4396 exstingueretur
1119 4333 1240 4378 nomeu
1263 4311 1372 4380 Gena-

200 4501 202 4507 λ
240 4430 384 4512 stiorum,
408 4429 508 4494 adfixi
531 4429 612 4494 illud
635 4429 740 4515 patrio
765 4431 888 4496 nomini
907 4431 1124 4499 libentissime
1141 4434 1317 4498 obsecutus
1340 4441 1374 4499 et
