3224 4946
702 261 915 322 ..85-

243 425 411 490 cuiusdam
428 448 502 491 esse
519 428 700 496 existimer.
739 429 797 494 Eis
814 431 911 512 enim,
931 452 1012 514 quos
1029 432 1134 514 attuli,
1150 433 1229 496 locis
1246 433 1378 514 Paulus,

243 531 299 614 qui
336 533 455 596 aetatis
490 533 676 618 opinionem
714 540 847 599 secutus
880 541 983 600 artem
1016 537 1185 600 metricam
1220 557 1378 600 summam

244 655 352 698 rerum
375 633 497 716 habuit,
522 636 576 699 cui
598 658 651 701 res
674 637 745 722 ipsa
761 637 951 702 subicienda
974 645 1070 719 essct,
1093 645 1260 725 tamquam
1281 639 1378 703 disci-

244 737 340 823 pulus
356 736 484 802 videtur
505 737 588 804 adeo
612 739 738 804 rinctus
761 740 883 824 regulis
903 740 1061 825 magistri,
1084 745 1121 804 ut
1143 741 1286 806 nondum
1307 765 1379 808 eam

243 841 420 905 adsecutus
451 842 494 906 sit
522 843 734 927 elegantiam,
765 863 1000 928 quaesumma
1021 844 1196 909 formarum
1220 847 1378 911 varietate

244 945 386 1010 excellit.
433 945 468 1010 Si
497 951 608 1010 autem
635 945 698 1010 hoc
728 942 906 1011 maximum
929 947 1054 1012 formae
1078 949 1265 1034 imperium,
1293 951 1379 1035 quod

244 1052 386 1114 omniurn
409 1057 580 1136 poetarum
600 1049 846 1116 Nonniancrum
868 1051 1034 1137 proprium
1057 1057 1116 1133 cst,
1140 1053 1188 1117 eis
1205 1075 1378 1118 concesse-

243 1157 354 1235 rimus,
375 1154 480 1220 Paulo
504 1154 598 1218 modo
621 1176 640 1219 a
663 1155 759 1219 nobis
775 1156 959 1241 vituperato
982 1176 1046 1218 non
1062 1157 1169 1220 minus
1187 1179 1283 1242 quam
1308 1157 1379 1222 aliis

243 1259 372 1324 illorum
396 1265 579 1344 temporum
602 1259 708 1343 poetis
732 1258 794 1324 hoc
811 1259 942 1344 quidem
957 1260 1064 1324 laudis
1080 1261 1178 1325 tribui
1195 1255 1380 1346 probabunt

243 1364 291 1428 illi
314 1363 375 1428 riri
399 1363 497 1444 docti,
521 1365 575 1448 qui
598 1384 673 1428 cum
696 1362 783 1428 lectu
805 1363 939 1448 dignum
955 1365 1155 1449 putaverint:
1178 1364 1378 1451 Perpolitam

243 1467 381 1530 formam
394 1467 572 1546 metricam,
590 1487 654 1552 qua
671 1487 750 1531 sane
767 1467 919 1532 volubilis
936 1467 1076 1532 efficitur
1092 1489 1245 1532 versuum
1261 1469 1379 1547 fluxus,

244 1592 309 1635 non
332 1591 466 1656 parvam
489 1571 648 1657 praebere
671 1571 917 1635 iucunditatem.

557 1759 614 1824 De
637 1761 854 1846 prooemiis
877 1760 1069 1826 iambicis.

329 1880 515 1961 Postremo,
539 1880 776 1966 adpendiculae
799 1882 881 1963 loco,
905 1883 1062 1946 nonnulla
1084 1883 1187 1947 verba
1202 1882 1323 1948 addere
1347 1885 1379 1947 in

246 1987 354 2050 animo
382 1991 434 2049 est
462 1984 504 2048 de
535 1991 605 2049 arte
628 1985 781 2064 metrica,
804 2006 868 2070 qua
889 1985 1012 2049 Paulus
1034 2005 1114 2049 usus
1138 1993 1189 2050 est
1211 1986 1243 2049 in
1261 1987 1377 2050 trime-

245 2088 303 2151 tris
326 2087 486 2162 iambicis,
510 2087 565 2172 qui
588 2087 724 2172 singulis
747 2087 839 2152 libris
862 2089 1035 2174 praemissi
1059 2095 1144 2154 sunt.

329 2189 455 2263 Quibus
488 2195 615 2254 tanturn
648 2190 757 2268 abest,
793 2197 829 2254 ut
863 2197 962 2276 poeta
996 2191 1134 2256 eandem
1172 2192 1380 2256 severitatem

244 2293 462 2380 praestiterit,
493 2313 557 2376 qua
584 2293 615 2356 iu
647 2293 720 2378 ipsa
750 2293 970 2379 descriptione
999 2295 1199 2374 excellebat,
1227 2301 1264 2358 ut
1285 2295 1380 2360 valde

245 2399 372 2462 alienus
395 2417 415 2458 a
437 2396 636 2480 tragicorum
665 2402 735 2462 arte
759 2417 872 2462 omnes
897 2397 1093 2462 comicorum
1116 2398 1266 2462 licentias
1288 2419 1380 2462 rece-

243 2503 338 2590 perit.
385 2500 471 2574 Quin
495 2501 592 2564 etiam
616 2500 709 2564 auxit
732 2521 788 2564 eas
812 2522 909 2566 versu
936 2505 973 2564 17
997 2502 1210 2587 praefationis
1233 2502 1295 2584 IL,
1323 2502 1382 2585 ¹ubi

244 2607 350 2692 quarti
372 2604 472 2669 iambi
495 2604 566 2668 loco
590 2603 755 2689 spondeus
778 2604 977 2669 admittitur:

484 2701 541 2773 τὸν
561 2701 654 2795 ἥλιον
675 2704 734 2791 μὲν
757 2700 942 2774 ἀνατέλλειν
964 2705 998 2774 ἐν
1019 2705 1131 2795 ἡμέρᾳ,

244 2833 341 2897 quem
363 2811 557 2875 infinitivum
579 2811 762 2896 praesentis
786 2832 827 2875 ue
845 2811 1055 2896 corrigamus,
1080 2811 1198 2875 ceteris
1214 2809 1381 2873 infinitivis

245 2916 410 3001 sequentis
434 2935 549 2979 versus
572 2912 796 2999 prohibemur:

238 3051 244 3056 ·
345 3012 384 3085 τὸ
408 3018 479 3105 φῶς
500 3040 536 3082 τε
558 3012 712 3100 λάμπειν,
735 3012 813 3096 τοὺς
834 3011 950 3104 λόγους
972 3015 1001 3081 d’
1027 3006 1111 3081 εἶναι
1134 3009 1259 3100 λόγους.

331 3120 538 3187 Oomicorum
561 3125 671 3185 autem
694 3121 845 3186 licentias
868 3125 1044 3206 usurpatas
1068 3119 1215 3184 videmus
1239 3119 1273 3183 in
1296 3141 1383 3183 ccm-

245 3225 390 3312 pluribus
413 3224 582 3305 versibus,
605 3224 638 3288 in
672 3225 788 3309 quibus
816 3225 997 3290 iamborum
1020 3244 1111 3288 arses
1135 3223 1305 3287 solvuntur
1326 3227 1383 3287 aut

245 3330 415 3415 anapaesti
443 3349 500 3414 pro
528 3327 645 3392 iambis
670 3327 875 3394 adhibentur.
920 3327 1037 3412 Neque
1062 3327 1149 3392 enim
1171 3327 1223 3390 his
1246 3326 1380 3390 solutio-

245 3434 340 3499 nibus
371 3433 486 3518 tragici
515 3437 634 3518 poetae
663 3432 843 3496 utebantur
875 3431 937 3496 nisi
970 3431 1003 3494 in
1032 3431 1178 3516 ipsorum
1207 3429 1382 3494 verborum

246 3537 360 3623 primis
384 3536 528 3622 syllabis,
552 3541 608 3599 aut
633 3535 660 3599 si
684 3535 771 3621 prior
792 3534 900 3600 brevis
924 3534 1149 3622 monosyllabo
1170 3532 1382 3598 efficiebatur.

245 3640 344 3726 Apud
366 3639 506 3704 Paulum
535 3643 645 3702 autem
673 3659 739 3702 non
768 3660 856 3720 raro,
886 3639 977 3704 velut
1006 3638 1092 3724 apud
1117 3639 1271 3716 comicos,
1295 3636 1384 3721 prior

245 3743 355 3808 brevis
385 3741 418 3806 in
445 3743 562 3806 ultima
589 3740 716 3827 syllaba
738 3741 831 3806 verbi
854 3743 995 3828 plurium
1019 3741 1217 3828 syllabarum
1243 3739 1384 3825 ponitur.

247 3847 298 3911 cf.
314 3845 447 3932 praecr
463 3847 496 3910 ιι
514 3829 913 3935 transmontanis.
931 3848 982 3911 34.
998 3845 1032 3909 Π
1047 3849 1098 3911 3ν.
1122 3843 1170 3909 rv
1188 3844 1223 3928 (a.
1240 3837 1383 3926 sams.)

248 3953 299 4014 20.
323 3953 374 4016 25.
418 3951 489 4016 Nec
523 3951 629 4017 minus
660 3952 812 4017 abhorret
843 3954 942 4034 poeta
975 3949 1214 4034 atragicorum
1237 3967 1299 4011 usu
1322 3945 1383 4008 hac

247 4054 411 4118 solutione
435 4055 468 4118 in
491 4054 609 4119 mediis
632 4053 725 4119 verbi
749 4052 885 4140 syllabis
909 4053 1032 4137 posita,
1066 4051 1099 4115 id
1123 4049 1209 4136 quod
1232 4056 1283 4115 ter
1305 4050 1384 4115 fecit

247 4157 281 4220 in
302 4157 404 4222 verbo
427 4149 590 4241 βασιλεύς.
614 4159 685 4222 112
707 4155 883 4241 βασῖλὲως.
907 4159 957 4220 54.
981 4153 1067 4218 Ι55.

334 4261 373 4324 In
396 4263 585 4347 anapaestis
602 4283 730 4347 quoque
747 4259 940 4324 adhibendis
959 4259 1142 4324 liberrimas
1166 4257 1257 4343 leges
1281 4257 1382 4322 comi-

248 4387 358 4431 corum
381 4365 505 4430 Paulus
528 4365 570 4430 ad
585 4365 777 4431 imitandum
794 4365 857 4429 sibi
872 4364 1051 4450 proposuit.
1094 4363 1125 4428 N
1128 4385 1180 4428 am
1196 4382 1262 4426 non
1278 4363 1383 4427 solum
