3252 4954
723 322 916 384 ..8-

253 517 351 580 supra
374 494 510 558 laudata
533 500 647 558 vetare
672 491 837 574 videntur,
868 513 951 577 quae
975 511 1049 555 mea
1072 489 1204 574 quidem
1228 490 1389 554 sententia

252 599 293 662 ab
318 598 511 682 aequalibus
535 597 604 662 fere
629 596 894 662 adulescentibus
918 595 1038 680 scripta
1061 591 1181 678 sunt1).

339 701 479 765 Omnino
503 723 568 765 non
591 700 803 765 conturbatur
830 698 940 784 opinio
969 701 1081 761 nostra
1103 695 1198 760 Pauli
1223 697 1387 782 epigram-

252 810 340 869 mate
364 804 414 867 IX
430 806 507 884 658,
539 825 602 888 quo
630 803 671 868 de
701 824 820 887 magno
850 801 1003 888 Byzantii
1031 801 1193 886 praetorio
1220 801 1387 866 aIustino

251 910 448 995 imperatore
482 908 631 972 restituto
668 906 784 991 agitur.
842 905 928 970 Nam
965 905 1027 969 hoc
1059 905 1255 990 imperatore
1289 910 1388 991 atquc

251 1011 426 1089 Domuino,
450 1012 521 1074 viro
533 1012 661 1075 illorum
680 1016 865 1095 temporum
887 1008 966 1072 iuris
982 1009 1191 1093 peritissimo,
1215 1010 1389 1073 nominatis

252 1136 459 1200 nequaquam
483 1115 643 1199 cogimur,
672 1119 708 1177 ut
731 1112 792 1176 hoc
817 1133 947 1176 carmen
975 1113 1075 1177 etiam
1099 1118 1205 1176 ortum
1229 1134 1304 1177 esse
1328 1115 1387 1178 sub

252 1219 377 1284 Iustino
400 1218 636 1282 existimemus.
682 1215 776 1288 Quod
799 1217 826 1279 si
842 1217 1077 1302 acciperemus,
1093 1215 1231 1282 Paulum
1254 1217 1389 1301 triginta

252 1323 321 1386 fere
339 1322 433 1386 annis
450 1327 527 1386 ante
543 1321 718 1406 Agathiam
735 1325 847 1383 natum
863 1320 965 1384 fuisse
983 1320 1077 1383 nobis
1092 1319 1273 1404 putandum
1289 1327 1386 1385 esset.

341 1425 524 1510 Aequalem
552 1427 651 1510 igitur
675 1425 746 1489 fere
776 1423 916 1488 Paulum
945 1425 1048 1488 amico
1078 1424 1179 1489 fuisse
1204 1425 1387 1504 statuimus,

229 1550 392 1613 ¹quocum
429 1551 559 1614 semper
595 1529 759 1594 artissima
793 1527 936 1591 amicitia
970 1532 1002 1590 et
1036 1527 1192 1611 imprimis
1229 1530 1388 1592 communi

253 1633 435 1696 litterarum
463 1633 569 1697 studio
597 1633 789 1697 coniunctus
818 1653 891 1695 esse
924 1630 1062 1696 videtur.
1107 1630 1193 1694 Num
1222 1632 1388 1696 intereos

253 1757 380 1821 quoque
404 1742 503 1821 poeta
523 1742 637 1800 noster
659 1735 878 1800 numerandus
903 1737 955 1816 sit,
978 1756 998 1798 a
1021 1735 1139 1818 quibus
1163 1758 1198 1800 se
1219 1735 1386 1800 incitatum

253 1859 327 1904 esse
357 1839 397 1902 ad
427 1839 615 1904 scribendas
645 1831 799 1904 historias
827 1841 897 1924 ipse
925 1838 1085 1923 Agathias
1116 1839 1195 1903 dicit
1225 1841 1258 1904 in
1286 1841 1388 1925 praef.

252 1963 284 2027 p.
303 1945 331 2023 7,
351 1941 437 2026 19²),
461 1943 543 2006 scire
566 1940 785 2028 nequimua³).

340 2045 391 2111 De
402 2046 496 2110 Pauli
507 2047 632 2110 familia
644 2047 779 2111 duorum
794 2046 1064 2132 epigrammatum
1075 2047 1229 2112 lemmata
1239 2048 1388 2112 notitiam

256 2149 429 2231 exhibent,
455 2151 615 2235 siquidem
639 2172 718 2216 vera
739 2151 835 2214 nobis
857 2150 1006 2226 tradunt;
1029 2151 1112 2215 haec
1136 2152 1223 2216 enim
1247 2154 1391 2218 carmina

252 2253 320 2317 VII
334 2256 396 2317 604
422 2260 455 2318 et
476 2253 526 2318 IX
541 2257 601 2318 770
624 2255 657 2318 in
680 2255 763 2318 filias
787 2253 881 2318 Pauli
904 2254 1027 2339 scripta
1051 2260 1135 2318 sunt.
1181 2256 1294 2321 Priore
1319 2259 1388 2344 qui-

254 2355 329 2420 dem
353 2357 587 2441 epigrammate
612 2358 808 2422 lamentatur
832 2361 929 2441 poeta
948 2355 988 2420 de
1012 2357 1224 2424 Macedoniae
1254 2361 1389 2446 virginis

253 2466 356 2524 morte
373 2465 591 2545 praematura.
615 2460 654 2526 cf.
673 2461 793 2524 lamma
810 2455 857 2538 εἰς
880 2454 976 2546 κόρην
998 2455 1071 2525 τινὰ
1091 2459 1304 2528 Μακεδονίαν
1326 2465 1390 2530 δω-

253 2559 376 2627 δεκέτιν
398 2557 637 2651 τελευτήσασαν
661 2582 668 2596 ·
691 2552 730 2651 ἦν
753 2560 790 2628 δὲ
810 2557 958 2650 θυγάτηρ
984 2564 1044 2629 τοῦ
1071 2557 1173 2630 αὐτοῦ
1203 2560 1339 2634 Παύλου
1369 2563 1389 2656 ἡ

252 2662 496 2750 Μακεδονίαδ).
547 2667 585 2730 In
609 2667 696 2732 filiae
724 2668 877 2752 poculum
906 2688 956 2752 cp.
982 2667 1032 2731 IX
1050 2671 1111 2732 770
1144 2668 1279 2754 (Χεῖλος
1298 2664 1390 2737 Ἀνι-

345 2893 363 2959 1)
384 2890 537 2944 Lectitasse
555 2889 707 2960 Agatbiam
725 2889 806 2944 Pauli
833 2889 979 2959 ecphrosin
997 2907 1047 2959 per
1070 2908 1098 2946 se
1121 2892 1311 2964 intellegitur;
1342 2898 1390 2952 aad

258 2977 343 3032 etiam
362 2979 439 3031 certa
456 2977 539 3032 amici
563 2977 649 3032 verba
671 2977 697 3031 ei
722 2977 752 3030 in
770 2979 892 3030 mentem
916 2977 1025 3032 venisse
1043 2981 1114 3047 puto
1131 2979 1162 3033 in
1181 2997 1214 3034 ea
1232 2982 1250 3035 l.
1263 2983 1282 3036 l.
1301 2986 1389 3052 parte,

256 3081 313 3132 qua
335 3068 462 3132 quamvis
485 3063 604 3134 carptim
629 3065 827 3134 argumentum
850 3062 1047 3132 descriptionis
1066 3064 1155 3120 addit.
1191 3067 1323 3122 Animum
1342 3069 1391 3123 ad·

252 3151 331 3203 verte
351 3166 454 3218 quaeso
477 3150 513 3204 ad
535 3151 609 3204 hunc
622 3150 763 3220 Agathiac
775 3149 867 3204 locum
886 3151 924 3218 (p.
934 3149 993 3213 297,
1007 3149 1042 3218 9):
1062 3149 1185 3222 εὑρήσεις
1201 3152 1256 3224 γάρ
1275 3151 1310 3206 ἂν
1329 3155 1389 3224 (sic)

252 3235 283 3288 ἐν
302 3231 394 3294 τιύτοῖς
414 3238 462 3303 (sc.
475 3237 531 3295 τοῖς
549 3235 594 3289 ε’πὶ
612 3239 651 3306 τρῖ
669 3237 722 3306 νεῷ
735 3236 897 3307 εἰρημένοις)
912 3265 945 3273 ——
957 3236 1065 3304 μεγέθη
1084 3255 1113 3289 τε
1131 3235 1176 3289 καὶ
1188 3238 1328 3308 ὑψώματα
1345 3239 1390 3294 καὶ

252 3318 306 3373 ὅσα
330 3321 531 3394 ἰθύγραμμα
557 3322 687 3392 σχήματα
716 3319 761 3374 καὶ
790 3319 843 3374 ὅσα
866 3321 1003 3373 κνκλικτέ
1026 3319 1071 3374 καὶ
1095 3319 1147 3375 ὅσα
1171 3323 1323 3396 ἐκκρεμῆ
1344 3326 1389 3380 καὶ

257 3409 455 3477 προτετσμένα.
493 3408 663 3473 Quibuscum
688 3407 875 3477 comparanda
893 3409 958 3461 sunt
982 3407 1051 3462 haec
1069 3409 1149 3462 Pauli
1172 3410 1257 3465 verba
1281 3413 1305 3482 (Ι
1317 3414 1390 3481 aab:

254 3494 281 3554 ἐς
297 3495 379 3562 βάσιν
391 3490 640 3568 εὐθύγραμμος
651 3493 756 3568 ὕπερθε
768 3495 798 3548 δὲ
816 3495 947 3553 κύκλιος
961 3491 1051 3554 ἄντυξ.
1065 3513 1161 3551 vocem
1173 3499 1268 3552 autem
1281 3498 1390 3572 ε’κκρε-

252 3577 308 3651 μής
335 3581 526 3650 frequentavit
553 3583 657 3636 Paulus
690 3582 720 3636 in
751 3582 937 3651 descriptione
962 3581 996 3636 cf.
1014 3582 1041 3634 ΙΙ
1058 3583 1092 3637 70
1114 3582 1257 3656 ἐκκρεμέες
1280 3585 1391 3656 λτὶϊγγες

253 3667 442 3740 ἐτορνωσαντσ
461 3667 575 3740 παρείην
593 3672 622 3724 et
639 3669 698 3724 404.
717 3670 777 3724 409.
794 3669 855 3724 436.

344 3756 365 3822 ²)
385 3753 481 3808 Πολλοὶ
506 3755 538 3808 δέ
561 3775 598 3826 με
621 3753 667 3808 καὶ
688 3758 743 3809 τῶν
766 3754 926 3824 ἐπιτηδείων
944 3753 1098 3824 ἐπείγοντες
1121 3753 1167 3807 καὶ
1185 3755 1391 3828 ἐγκελευόμενοι

252 3839 416 3913 ἐξηρέθιστο
439 3839 490 3909 τήν
515 3841 605 3912 δρμήν
630 3839 676 3893 καὶ
699 3840 872 3915 ἐπέρρωσαν,
896 3840 926 3894 ἐν
944 3840 1000 3899 τοῖς
1019 3836 1187 3910 Εύτοχιανδς
1204 3843 1220 3893 o‘
1238 3843 1322 3902 νέος·
1342 3839 1391 3916 εἰρ-

251 3929 339 3996 10769
357 3945 386 3980 ¹⁶
404 3915 440 3997 dv
458 3929 506 3997 τῆς
517 3929 704 4001 παραινέσεως
717 3925 786 4001 α’νήρ
804 3927 839 3981 ui
854 3928 949 3998 πρῶτα
966 3927 1051 3980 τελῶν
1069 3925 1099 3980 ἐν
1117 3927 1174 3987 τοῖς
1191 3930 1247 3982 τῶν
1258 3931 1391 3998 βασιλέων

251 4013 446 4086 ύπογραφεῦσι
465 4016 520 4068 κτλ.

342 4102 364 4168 ³)
383 4100 570 4156 Niebuhrium
590 4101 704 4171 quidem
723 4118 780 4156 non
798 4098 1032 4169 vituperabimus‚
1052 4100 1172 4170 quihoc
1191 4101 1324 4168 coniecit;
1342 4104 1391 4157 sed

252 4185 365 4240 omnino
396 4204 451 4241 non
482 4187 568 4258 probo
591 4187 802 4251 Kortuemium‚
829 4186 878 4255 qui
906 4185 985 4239 nulla
1014 4186 1183 4258 interposita
1213 4189 1391 4246 dubitatione

253 4272 372 4326 Paulum
391 4289 424 4327 ex
443 4273 541 4329 amieis
559 4274 617 4328 illis
634 4274 720 4328 fuisse
739 4272 891 4328 contendit.

340 4359 362 4428 ⁴)
381 4358 413 4412 In
432 4360 545 4414 Anthol.
559 4360 676 4415 Planud.
690 4359 879 4430 superscripta
897 4362 963 4414 sunt
976 4360 1060 4414 verba
1078 4359 1122 4414 ἐπὶ
1141 4363 1174 4430 τῇ
1192 4360 1249 4430 ἰδία
1262 4361 1389 4432 θυγατρί.

252 4446 409 4502 Brunclrius
428 4444 446 4516 ἢ
464 4447 636 4501 Μακεδονίαν
658 4448 741 4502 scribi
764 4448 874 4503 mavult
897 4447 982 4517 „quia
999 4447 1082 4503 huius
1103 4447 1189 4502 filiam
1208 4449 1261 4504 hoc
1277 4449 1390 4504 nomino
