3252 4954
744 331 956 392 ..20-

288 499 405 580 nitore,
419 497 460 564 de
471 499 661 585 porticibus,
677 500 718 564 de
731 500 870 584 gemmis
882 519 1027 583 auroque
1039 518 1059 560 a
1070 497 1250 562 Iustiniano
1264 498 1423 561 ecclesiae

289 603 416 668 donatis
444 604 593 690 legentes
622 603 753 685 edocet,
788 625 861 667 cum
897 624 962 667 non
1001 602 1129 667 desinat
1162 623 1285 687 negare
1322 601 1422 664 ullam

289 707 543 793 descriptionem
560 708 705 794 ipsarum
721 729 829 773 rerum
841 707 1045 772 maiestatem
1059 706 1287 771 adsecuturam
1301 703 1422 788 esse1).

289 811 379 876 Talis
403 809 619 876 exaedificata
642 817 693 876 est
710 809 924 874 aIustiniano
947 809 1047 874 aedes
1069 810 1134 890 illa,
1158 803 1261 896 ἥνπερ
1284 801 1423 892 μεγάλην

288 913 399 980 καλεῖν
421 909 636 998 νενομίκασιν,
660 934 725 978 non
750 914 852 978 solum
875 907 1020 1000 χρήμασι
1044 913 1219 978 sedetiam
1241 907 1422 997 αονοομένγγ

288 1019 329 1106 τῇ
356 1013 487 1106 διανοίᾳ
514 1015 571 1083 καὶ
599 1017 641 1105 τῇ
670 1010 749 1106 drap
776 1017 835 1104 τῆς
863 1017 972 1104 ψυχῆς
1000 1010 1106 1105 ἀρειῇ.
1161 1015 1254 1089 Quae
1285 1017 1423 1081 virtutes

289 1129 430 1210 quantas
460 1129 589 1204 essent,
620 1123 720 1188 etiam
749 1127 818 1186 tum
846 1121 1050 1186 intellectum
1080 1125 1149 1198 est,
1183 1142 1257 1185 cum
1280 1121 1424 1186 ecclesia

289 1227 365 1314 pilis
396 1226 602 1292 labefactatis
632 1225 777 1290 maxima
804 1226 837 1290 in
868 1225 1014 1311 pericula
1041 1225 1185 1288 incurrit.
1230 1224 1304 1289 Hoc
1327 1223 1423 1288 modo

288 1331 467 1418 Procopius
491 1329 701 1418 progreditur
723 1329 763 1394 ad
787 1329 970 1394 enarranda
991 1330 1048 1394 illa
1069 1329 1223 1414 pericula.

375 1435 528 1502 Nondum
537 1435 683 1522 perfecto
696 1455 783 1516 arcu,
796 1434 851 1519 qui
863 1433 904 1498 ad
917 1434 1074 1498 orientem
1088 1435 1259 1519 spectavit,
1274 1433 1424 1520 pilarum,

290 1541 409 1628 quibus
440 1539 628 1604 nitebantur
656 1543 809 1622 quattuor
840 1556 950 1618 arcus,
981 1537 1064 1602 duae
1093 1538 1312 1603 labefactatae
1336 1542 1421 1615 sunt,

290 1645 368 1730 quia
383 1663 539 1728 magnum
556 1663 638 1707 onus
654 1641 740 1706 ferre
754 1641 933 1724 nequibant
942 1640 979 1725 2).
1024 1639 1095 1714 Quo
1112 1641 1198 1706 facto
1222 1663 1295 1705 cum
1318 1641 1426 1704 omnia

291 1749 400 1814 statim
416 1747 599 1812 Iustiniano
615 1746 766 1811 nuntiata
782 1751 903 1825 essent,
926 1746 1033 1809 anxiis
1050 1745 1227 1810 Anthemio
1252 1752 1285 1811 et
1299 1745 1425 1809 Isidoro

290 1852 373 1917 dixit
393 1853 570 1937 imperator
578 1849 605 1936 ³)
629 1849 863 1914 conficiendam
883 1871 957 1914 esse
975 1856 1181 1914 curvaturam
1197 1871 1308 1927 arcus;
1334 1851 1424 1913 illum

290 1956 377 2021 enirn
413 1977 448 2020 sc
484 1955 555 2040 ipso
589 1953 705 2018 fultum
740 1953 823 2040 pilas
856 1974 921 2018 non
938 1954 1020 2032 „iarn
1049 1953 1308 2018 desideraturum
1342 1974 1424 2018 esse.

291 2059 382 2135 Quas
406 2080 472 2124 non
496 2079 569 2124 esse
593 2079 694 2123 vanas
717 2057 893 2122 blanditias
922 2058 1119 2122 testimoniis
1144 2079 1265 2138 eorum,
1290 2058 1344 2142 qui
1368 2057 1425 2121 ad-

290 2165 425 2245 fuerint,
449 2164 653 2250 comprobari
676 2163 858 2249 Procopius
890 2164 1069 2228 confirmat.
1123 2163 1282 2229 Confecto
1315 2171 1426 2228 autem

291 2289 386 2348 arcu,
418 2287 515 2352 quam
546 2271 671 2332 rectum
701 2265 816 2330 fuisset
838 2267 1043 2352 imperatoris
1068 2267 1255 2348 consilium,
1286 2269 1426 2332 artifices

291 2371 418 2456 experti
441 2377 526 2436 sunt.
572 2369 696 2434 Verum
712 2370 811 2455 paulo
828 2375 903 2455 post
919 2369 1035 2434 eadem
1050 2369 1119 2434 fere
1137 2371 1336 2454 acciderunt,
1353 2392 1426 2435 cum

291 2475 430 2540 arcubus
458 2473 664 2538 meridionali
688 2479 787 2559 atque
813 2473 1080 2559 septentrionali,
1105 2475 1260 2561 quidquid
1283 2481 1354 2540 erat
1376 2476 1425 2538 in·

290 2577 390 2642 ferius
418 2571 475 2660 (τὰ
506 2571 618 2662 ἔνερθε
649 2571 789 2662 πάντα),
826 2577 908 2642 adeo
944 2583 1151 2660 oneraretur,
1185 2584 1222 2643 ut
1258 2580 1427 2644 columnae

292 2687 497 2746 caementum
514 2681 726 2746 dimitterent.
760 2680 886 2746 Iterum
903 2681 1055 2764 artifices,
1069 2683 1229 2767 quomodo
1245 2684 1427 2770 periculum

292 2791 505 2866 averteretur,
522 2783 628 2870 ignari
652 2784 692 2849 ad
710 2785 941 2870 imperatorem
956 2785 1031 2849 ilico
1055 2807 1091 2850 se
1108 2787 1313 2852 contulerunt
1328 2793 1427 2872 atque

292 2889 409 2954 iterum
433 2889 634 2954 Iustinianus
664 2911 720 2954 eos
752 2889 872 2952 eximio
903 2889 1039 2954 consilio
1072 2889 1205 2956 adiuvit.
1252 2891 1430 2978 Imperavit

292 2993 389 3074 enim,
412 2999 449 3058 ut
471 2993 636 3074 locorum,
662 2993 716 3078 qui
738 2994 962 3075 laborassent,
986 3000 1098 3080 partes
1123 2996 1320 3081 superiores,
1344 3015 1428 3080 quae

291 3097 380 3183 ipsos
409 3097 611 3182 attingerent
639 3117 750 3178 arcus,
784 3099 894 3162 statim
925 3119 943 3161 e
975 3097 1083 3162 medio
1107 3099 1299 3164 tollerentur
1322 3120 1428 3184 neque

291 3199 382 3284 prius
396 3201 654 3281 restituerentur,
667 3221 765 3285 quam
776 3202 884 3265 omnia
897 3207 1009 3265 essent
1019 3202 1190 3266 exsiccata.
1224 3201 1295 3274 Quo
1307 3203 1428 3267 auxilio

291 3309 466 3388 postquam
489 3303 522 3366 hi
546 3323 674 3388 quoque
692 3324 787 3367 arcus
806 3305 990 3368 conservati
1014 3309 1099 3385 sunt,
1123 3310 1226 3369 totum
1244 3306 1428 3371 aedificium

292 3405 420 3468 firmum
444 3427 479 3470 se
503 3407 675 3492 praestitit.

378 3509 473 3573 Haec
502 3511 633 3595 quidem
662 3512 827 3576 enarravit
848 3511 1041 3597 Procopius.
1088 3511 1188 3576 Ouius
1219 3514 1251 3577 in
1282 3515 1428 3601 descrip-

292 3613 391 3676 tionis
420 3613 484 3678 fine
515 3614 600 3698 quod
630 3615 768 3701 scriptor
790 3615 991 3702 Byzantinus
1022 3615 1062 3679 de
1091 3617 1243 3700 periculis
1271 3618 1368 3698 dixit,
1397 3621 1429 3683 in

292 3739 377 3804 quae
395 3719 536 3783 eeclesia
558 3719 608 3783 bis
624 3726 742 3784 vocata
765 3725 863 3797 esset,
888 3741 962 3784 eum
986 3720 1027 3785 de
1044 3721 1211 3786 orientalis
1230 3724 1312 3789 tholi
1328 3727 1430 3812 partis

292 3825 396 3904 ruina,
420 3843 518 3908 quam
540 3843 560 3886 a
576 3822 679 3886 Paulo
701 3829 865 3888 narratam
882 3824 1024 3909 legimus
1040 3825 1072 3906 (Ι
1087 3829 1129 3888 52
1146 3827 1241 3914 sqq.),
1266 3829 1429 3913 cogitasse

382 4016 402 4082 ¹)
422 4013 463 4068 Cf.
482 4013 596 4082 Procop.
615 4013 633 4066 l.
647 4012 665 4066 l.
681 4011 739 4079 177,
752 4013 793 4067 19.
814 4014 872 4079 178,
886 4014 922 4068 20
934 4031 994 4083 sqq.

381 4103 403 4166 ²)
423 4100 462 4154 Of.
481 4100 596 4170 Procop.
614 4117 641 4168 p.
659 4099 746 4163 180,2
761 4116 827 4168 sqq:
841 4101 868 4152 of
886 4100 916 4152 δὲ
934 4101 1030 4154 necrol
1042 4133 1073 4140 —
1088 4105 1143 4156 τῶν
1155 4102 1321 4172 ἐγκειμένων
1333 4102 1431 4172 σφίσιν

293 4183 342 4238 crin
365 4186 522 4256 ἐνεγκόντες
544 4189 576 4242 ro*
597 4189 717 4258 μέγεθος
740 4183 871 4257 ἁμηγέπη
894 4189 1056 4250 ἐξαπιναίως
1079 4189 1320 4264 ᾰαοῤῥηγνύμενοι
1337 4185 1386 4241 οιῖκ
1404 4190 1431 4248 ἐς

292 4272 403 4345 μακράν
421 4273 665 4344 διαλαθησομένοις
679 4274 811 4346 ἐῴκεσαν.

380 4362 401 4428 ⁸)
419 4357 473 4431 ὅτῳ
495 4362 549 4430 μέν
570 4381 637 4415 ποτε
656 4357 777 4432 ἠγμένος
800 4357 849 4415 οὔκ
867 4349 941 4428 οἶδα,
967 4367 1024 4435 θεῷ
1042 4365 1072 4416 δὲ
1091 4351 1169 4434 οἶμαι
1190 4393 1222 4402 —-
1245 4363 1278 4415 ori
1295 4363 1349 4433 γάρ
1373 4363 1432 4416 ἐστι

293 4445 461 4514 μηχανικός·
481 4476 514 4485 -
533 4463 567 4500 en
586 4447 713 4502 adulatio
731 4465 795 4503 vara
814 4449 979 4517 Byzantina.
