3224 4946
710 317 914 376 ..52..

324 487 417 552 Idem
439 487 485 568 fit,
509 487 536 550 si
561 486 727 550 secundi
750 486 843 571 pedis
859 486 962 550 thesis
977 485 1077 572 longa
1100 491 1165 561 est;
1188 506 1255 549 non
1277 505 1377 569 saepe

240 612 280 656 ea
303 591 430 654 initium
454 590 605 676 bisyllabi
630 590 798 676 spondaici
821 589 952 675 excipit.
999 588 1085 652 Ante
1115 589 1378 674 semiquinariam

238 695 337 778 igitur
359 715 433 758 raro
459 693 655 778 bisyllabum
672 693 884 778 spondaicum
907 693 1054 778 ponitur;
1078 699 1148 756 tum
1170 697 1279 757 autem
1304 713 1377 756 sae-

238 797 371 882 pissime
395 796 481 882 apud
497 796 636 860 Paulum
660 797 922 881 monosyllabum
946 795 1132 860 enclitioum
1156 796 1246 859 illam
1269 795 1377 878 scqui-

239 907 293 965 tur
321 920 460 985 eamque
493 899 696 984 obscurat1).
749 899 822 963 Hoc
852 921 979 984 quoque
1006 901 1078 964 loco
1111 899 1376 984 Baumgartenus

240 1004 377 1088 ambigit
411 1003 451 1069 de
485 1005 561 1088 lege
596 1003 813 1084 Volkmanni,
848 1004 939 1067 cuius
974 1025 1016 1068 ex
1046 1003 1222 1084 arbitram,
1258 1004 1285 1066 si
1318 1023 1377 1087 pes

241 1107 403 1173 secundus
428 1107 609 1193 spondeum
631 1108 789 1188 continet,
814 1107 903 1192 prior
926 1129 1040 1172 versus
1064 1129 1140 1192 pars
1164 1129 1229 1171 una
1251 1112 1378 1172 tantum

241 1232 379 1276 caesura
404 1212 528 1278 minore
560 1211 751 1276 dissecatur.
797 1210 870 1284 Qua
900 1212 1038 1296 exlege
1064 1212 1091 1275 si
1114 1211 1378 1292 trithemimcres,

240 1316 360 1400 quippe
384 1334 467 1400 quae
490 1335 555 1378 non
581 1314 624 1378 sit
647 1334 784 1378 caesura
806 1313 920 1396 minor,
945 1313 1149 1396 excludatur,
1172 1335 1238 1378 non
1260 1313 1377 1394 habeo,

244 1439 300 1482 our
324 1418 517 1483 dissentiam
541 1439 614 1482 cum
637 1417 890 1503 Volkmannol).
936 1417 1204 1482 Trithemimeres
1236 1417 1379 1482 enimin

241 1520 292 1584 his
322 1521 473 1585 versibus
505 1521 636 1606 saepius
666 1541 736 1585 cum
768 1521 833 1583 alia
867 1541 1004 1584 caesura
1035 1521 1151 1606 prioris
1184 1519 1379 1595 hemistichii

241 1625 414 1688 coniuncta
442 1629 501 1688 cst.
548 1623 615 1688 Sed
643 1643 918 1709 supervacaneam
951 1643 1023 1687 esse
1046 1623 1131 1688 hanc
1153 1624 1262 1709 legem
1285 1628 1378 1709 put0;

241 1751 317 1792 nam
341 1729 471 1792 omnino
495 1729 531 1791 in
553 1729 661 1813 priore
684 1727 868 1792 hexametri
883 1727 1101 1810 hemistichia,
1126 1729 1195 1792 sive
1220 1733 1286 1792 stat
1309 1728 1379 1791 sive

242 1855 308 1898 non
324 1838 389 1896 stat
405 1831 567 1896 secundus
585 1831 761 1917 spondeus,
782 1853 847 1896 una
864 1853 1000 1896 caesura
1016 1832 1200 1897 dominatur
1210 1857 1217 1910 ;
1234 1833 1379 1917 reliquae

242 1939 328 2001 enim
368 1936 565 2000 incisiones
587 1937 729 2000 maxime
764 1936 932 2020 particulis
967 1942 1023 2000 aut
1060 1937 1220 2000 similibus
1258 1937 1379 2000 nullius

241 2041 414 2126 potcstatis
431 2039 554 2103 voculis
577 2035 635 2121 (δέ,
651 2035 719 2121 μέν,
737 2032 807 2124 γάρ,
824 2039 880 2122 al.)
905 2038 1099 2120 efficiuntur,
1124 2061 1207 2125 quac
1231 2040 1265 2104 in
1287 2040 1379 2103 initio

241 2164 356 2207 versus
385 2145 492 2206 locum
520 2148 634 2207 tencre
664 2163 802 2207 necesse
827 2148 888 2208 est.
932 2141 1048 2228 Neque
1072 2143 1171 2227 igitur
1194 2143 1379 2207 sentiuntur

242 2247 305 2311 hae
329 2247 413 2312 eliae
437 2268 603 2312 caesurae.
648 2247 928 2332 Frequentissime
951 2253 1061 2312 autem
1086 2247 1263 2333 spondeus,
1288 2248 1315 2310 si
1338 2268 1377 2311 eo

242 2357 377 2415 utuntur
404 2352 438 2414 in
465 2352 569 2415 altero
592 2350 678 2436 pede
700 2350 734 2413 hi
758 2357 894 2436 poetae,
918 2356 974 2414 aut
997 2352 1031 2414 in
1053 2351 1159 2415 medio
1182 2350 1282 2416 verbo
1305 2350 1377 2434 plu-

243 2455 327 2519 rium
351 2454 551 2539 syllabarum
580 2455 711 2538 ponitur
734 2460 790 2517 aut
814 2455 884 2519 eius
908 2455 1011 2524 thesis
1034 2455 1160 2519 initium
1189 2455 1263 2519 talis
1286 2453 1378 2518 verbi

244 2564 393 2643 occupat.

333 2661 368 2725 si
397 2667 565 2746 quartus
596 2681 656 2745 pes
684 2660 864 2745 spondeum
899 2660 1050 2740 exhibet,
1074 2682 1208 2746 perraro
1233 2660 1380 2725 clausula

243 2763 396 2850 bisyllabi
426 2764 593 2851 spondaici
620 2764 654 2826 in
687 2765 751 2827 arsi
774 2763 815 2830 V.
840 2769 918 2839 stat3
947 2765 1117 2849 quinquies
1141 2764 1271 2850 quidem
1294 2764 1381 2850 apud

244 2867 400 2947 Paulum,
429 2867 487 2932 sed
515 2887 644 2951 semper
675 2888 817 2952 sequens
840 2869 1104 2952 monosyllabum
1128 2868 1291 2953 quoddam
1314 2873 1380 2931 tam

246 2977 316 3036 erte
341 2993 414 3036 cum
436 2969 644 3036 antecedenti
666 2970 721 3034 illo
745 2971 906 3057 bisyllabo
931 2971 1140 3036 coniunctum
1164 2977 1229 3054 est,
1252 2979 1289 3035 ut
1312 2971 1381 3036 fere

245 3095 346 3138 unum
368 3074 505 3140 verbum
529 3075 652 3138 oriatur
661 3073 699 3156 ³).

334 3177 469 3262 Syllaba
495 3178 601 3242 finalis
628 3177 803 3242 verborum
830 3176 972 3262 plurium
1000 3197 1096 3260 quam
1119 3171 1257 3240 duarum
1281 3177 1380 3262 sylle-

245 3281 370 3362 barum,
396 3303 478 3366 quae
502 3282 536 3344 in
559 3280 740 3366 spondeum
765 3287 898 3360 exeunt,
923 3280 1010 3366 apud
1029 3280 1167 3343 Paulum
1190 3281 1380 3365 saepissime

246 3385 279 3446 in
303 3384 368 3447 arsi
391 3383 454 3449 III.
478 3389 551 3464 stat,
574 3383 679 3447 rarius
702 3383 735 3445 in
759 3383 825 3446 arsi
848 3382 892 3446 II.
917 3389 950 3446 et
973 3381 1013 3446 V.

332 3485 513 3571 Postquam
530 3486 570 3550 de
586 3507 648 3550 usu
662 3506 870 3550 caesurarum
887 3490 920 3549 et
932 3484 1133 3570 dactylorum
1147 3486 1380 3571 spondeorum·

247 3611 309 3674 que
338 3589 567 3671 disseruimus,
597 3591 694 3654 liceat
717 3589 854 3654 eandem
876 3587 1022 3653 breviter
1045 3587 1085 3652 de
1108 3587 1212 3653 Paulo
1236 3589 1382 3676 proferre

336 3833 356 3900 ¹)
375 3831 416 3884 Ex
434 3832 484 3886 541
503 3849 562 3897 vv.,
587 3831 636 3900 qui
654 3830 773 3884 alterum
795 3829 950 3900 spondeum
969 3829 1110 3895 exhibent,
1129 3831 1162 3884 27
1180 3847 1275 3885 versus
1295 3831 1383 3897 (acce-

248 3917 320 3970 dunt
337 3917 392 3972 duo
411 3918 562 3986 emendati)
582 3918 622 3972 sic
637 3917 751 3972 formati
770 3919 847 3982 sunt;
866 3919 910 3971 ter
928 3917 983 3972 duo
995 3916 1190 3985 monosyllaba
1207 3917 1282 3970 hunc
1300 3932 1382 3984 spon·

248 4003 330 4057 deum
350 4003 483 4058 efficiunt.

335 4091 356 4157 ²)
375 4090 435 4144 Hoc
449 4092 544 4144 autem
559 4089 680 4143 noluisse
693 4089 901 4144 Volkmannum
919 4088 988 4158 ipsis
1007 4088 1142 4158 exemplis
1160 4088 1196 4142 ab
1215 4105 1248 4142 eo
1265 4087 1383 4157 prolatis

248 4177 365 4229 constat.
385 4177 417 4230 cf.
437 4176 545 4230 Gallim.
563 4176 742 4244 hymn.·120.
761 4176 796 4230 35
814 4177 867 4232 etc.

338 4264 358 4329 ³)
379 4263 418 4316 cf.
431 4263 457 4316 11
470 4263 504 4317 34
521 4263 633 4334 πίσυρες
650 4261 774 4333 γυμνοὶ
791 4263 851 4333 μέν.
881 4263 931 4318 196
948 4259 1011 4334 περὶ
1026 4259 1169 4330 πλευράς
1185 4277 1216 4313 τε
1233 4257 1279 4312 καὶ
1292 4257 1383 4332 ἄκρας.

249 4347 313 4402 Solo
334 4347 365 4400 in
389 4364 470 4402 versu
493 4351 545 4404 358
567 4349 613 4402 aa
636 4350 776 4422 πλευρῇς
798 4349 870 4420 ὄπὲρ
895 4346 970 4419 ὤμου
987 4347 1034 4402 hic
1051 4365 1117 4400 usus
1136 4345 1228 4399 minus
1247 4346 1317 4400 bene
1335 4347 1384 4401 ob·

248 4435 382 4487 scutatur.
