3224 4946
663 295 877 355 ..75-

202 463 313 546 gulis
337 461 502 546 liquidis
526 463 676 546 proxima
698 463 799 527 verba
822 465 1050 529 incohantibus
1075 466 1225 530 efficitur.
1270 465 1340 530 Ne-

204 586 267 649 que
293 566 379 628 enim
403 586 556 649 umquam
580 565 702 629 Paulus
727 566 859 631 brevem
883 569 1044 654 syllabam

290 709 319 752 a.
355 688 392 750 in
429 687 511 751 fine
552 687 644 752 verbi
678 687 833 774 produxit
868 690 1011 774 liquidae
1048 691 1214 775 sequentis
1248 690 1340 753 vorbi

204 791 345 872 auxilio,
379 791 411 854 id
442 790 526 876 quod
549 789 686 854 Nonnus
719 792 751 854 in
783 793 978 878 pyrrhichiis
1009 793 1115 858 verbis
1146 794 1276 858 admisit
1307 794 1340 856 in

204 895 269 958 arsi
285 894 355 976 IV,
379 916 475 979 quam
493 894 709 959 antecedente
727 916 864 960 caesura
882 897 944 961 ΙΙΙ.
960 919 1112 982 magnam
1129 899 1193 962 vim
1209 902 1341 984 praeter

205 1004 333 1062 ceteras
364 1019 455 1062 arses
479 997 645 1084 possidere
673 1005 811 1065 constat.
857 999 1003 1086 Reliquis
1028 1001 1060 1065 in
1083 1002 1210 1065 ansibus
1234 999 1340 1064 Pano·

204 1101 369 1186 politanus
393 1101 477 1164 hanc
499 1102 693 1187 positionem
716 1124 781 1166 non
801 1103 948 1168 adhibuit
971 1105 1034 1169 nisi
1057 1106 1090 1168 in
1114 1104 1261 1168 versibus
1286 1110 1342 1167 aut

205 1204 319 1269 formis
351 1227 393 1269 ex
423 1202 570 1268 Homero
598 1204 762 1273 derivatis.
816 1205 867 1271 De
900 1207 961 1272 hoc
993 1207 1102 1272 Nonni
1129 1229 1191 1272 usu
1218 1209 1341 1293 primus

206 1309 273 1392 egit
305 1307 538 1372 Scheindlerus
574 1307 640 1392 (qu.
665 1307 771 1372 Nonn.
796 1309 812 1372 I
842 1331 912 1396 cap.
934 1311 981 1395 I);
1021 1317 1096 1396 post
1125 1332 1199 1375 eum
1231 1316 1341 1375 autem

206 1412 388 1476 accuratius
406 1411 488 1475 hano
502 1433 569 1475 rem
583 1414 738 1498 exposuit
754 1414 910 1498 Aloysius
923 1413 1033 1478 Rzach
1050 1416 1083 1478 in
1100 1415 1340 1493 dissertatione,

206 1516 258 1579 cui
297 1513 481 1579 inscribitur
516 1513 652 1580 Studien
686 1536 745 1580 aur
782 1517 921 1581 chbnclr
958 1519 1011 1582 des
1047 1517 1342 1583 nachhomcrrbchca

213 1618 322 1683 Verses
336 1616 524 1700 (Sita-Ber.
548 1619 578 1682 d.
603 1617 703 1684 Wica.
723 1620 779 1683 Ac.
799 1621 986 1702 1879,t0n1.
1005 1622 1108 1702 XCV,
1124 1645 1156 1708 p.
1172 1624 1231 1686 681
1248 1624 1341 1706 sqq),

207 1725 240 1786 in
263 1744 328 1807 qua
357 1722 455 1786 etiam
478 1722 574 1785 Pauli
604 1717 851 1808 ceterorumque
876 1723 985 1788 Nouni
1013 1726 1219 1790 adseclarum
1245 1745 1342 1788 usum

207 1827 380 1892 enarravit.
427 1825 499 1899 Quo
530 1827 563 1889 in
587 1827 768 1890 excolendo
796 1848 863 1891 una
886 1849 960 1892 cum
983 1829 1086 1893 Paulo
1112 1827 1342 1893 Christodorus

208 1937 242 1995 et
265 1931 405 1994 Ioannes
428 1929 578 1994 Gazaeus
608 1931 801 1996 morosiores
831 1931 962 1996 luerunt
985 1953 1082 2018 quarn
1105 1933 1174 2017 ipse
1194 1931 1341 1996 Nonnus.

293 2052 324 2117 b.
353 2052 393 2116 In
420 2051 562 2118 mediis
593 2058 702 2116 autem
738 2051 876 2117 verbis
911 2073 1070 2138 persaepe
1100 2052 1223 2116 Paulus
1258 2052 1343 2116 hanc

207 2155 452 2242 productionem
466 2155 598 2221 admisit
610 2162 685 2220 ante
699 2156 825 2220 litteras
841 2160 859 2242 ῥ
876 2162 909 2220 et
927 2177 1022 2220 onec
1039 2178 1104 2220 non
1120 2155 1341 2241 rgeminatas.

293 2277 452 2342 Nimirum
483 2278 733 2357 usitatissimae,
765 2284 801 2341 ut
824 2279 856 2341 in
880 2277 1024 2341 carmine
1049 2277 1158 2363 epico,
1183 2298 1243 2342 eae
1267 2284 1344 2342 sunt

207 2382 346 2461 formae,
371 2402 454 2466 quae
480 2380 555 2445 inde
579 2381 620 2445 ab
644 2381 782 2445 Homeri
805 2381 1008 2466 temporibus
1032 2380 1159 2445 duabus
1182 2381 1343 2446 alitteris

209 2487 305 2552 scribi
338 2487 503 2566 solebant,
536 2487 587 2550 vel
618 2485 718 2550 dativi
750 2487 885 2572 pluralis
909 2487 1056 2550 neutrius
1076 2479 1212 2572 ⁴generis
1235 2487 1345 2567 (sicuti

208 2588 352 2674 ἐπέεσσι,
368 2587 536 2674 τεμένεσσι
553 2591 607 2674 al.)
632 2591 685 2656 vel
707 2591 829 2654 formae
845 2591 997 2655 verbales
1014 2584 1202 2676 (τανύσσας,
1219 2584 1345 2656 πετάσ-

208 2699 297 2779 σαι),
322 2697 515 2783 pronomina
538 2689 669 2780 (ὅσσοι),
699 2695 862 2760 adiectiva
884 2693 1045 2779 (μέσσον),
1068 2697 1109 2759 al.
1156 2693 1246 2767 Quae
1270 2716 1344 2780 pro-

208 2800 380 2864 ductiones
409 2801 477 2864 sive
505 2801 745 2886 geminationes
776 2800 967 2885 saepissime
997 2800 1029 2862 in
1053 2800 1118 2862 arsi
1141 2799 1202 2863 ΙΙΙ.
1228 2819 1341 2862 occur-

208 2911 292 2970 runt.
308 2941 350 2951 —
369 2905 434 2969 Sed
452 2905 551 2969 etiam
574 2904 637 2968 hae
659 2905 782 2968 formae
806 2925 825 2967 a
844 2903 947 2966 Paulo
963 2908 1140 2989 usurpatae
1157 2901 1343 2966 homericae

209 3015 299 3074 sunt:
332 3004 539 3095 περίῤῥοσος,
568 3000 739 3094 ἄπορῥώξ,
765 2999 955 3087 deducetur,
979 2997 1177 3092 ἆννεφέλοιο,
1203 2996 1344 3090 ἄποῤῥί-

209 3127 341 3200 cartag,
362 3109 522 3200 ἐῤῥίζιοσε,
547 3134 683 3199 quorum
705 3119 773 3176 tres
790 3113 923 3175 ultimae
946 3113 979 3174 in
995 3111 1103 3174 Nonni
1119 3129 1247 3195 quoque
1271 3131 1343 3174 car-

208 3217 349 3282 minibus
373 3219 536 3302 leguntur.
560 3211 598 3264 '—
623 3217 792 3281 Nonnicae
809 3216 871 3280 hae
888 3221 977 3280 sunt:
1002 3211 1175 3302 σονέῤῥεον,
1193 3206 1342 3300 ἆῤῥογής,

208 3316 430 3402 ὑποσσαίνων,
455 3321 684 3403 πολισσοῦχος.
703 3359 742 3367 -
764 3319 913 3384 Imitatur
928 3319 1050 3384 Paulus
1067 3319 1246 3382 Homerum
1263 3339 1343 3382 voce

210 3420 391 3513 ἆλιῤῥοθίῳ
416 3425 469 3510 (of.
494 3449 509 3490 ε
533 3428 593 3490 430
620 3419 872 3512 πολιῤῥόθιον),
904 3424 1056 3488 Nonnum
1079 3423 1186 3487 verbis
1208 3415 1344 3508 χροσόῤ-

209 3535 312 3616 ῥοτος,
337 3523 586 3615 ποσαμόῤῥοσος
610 3529 664 3614 (cf.
692 3533 741 3610 14,
758 3532 820 3592 414
842 3523 1055 3614 μελίῤῥοσος).

295 3651 573 3736 Frequentissime
603 3650 746 3736 liquidae
775 3655 832 3713 aut
859 3670 879 3713 σ
908 3649 1019 3712 littera
1047 3649 1079 3711 in
1110 3649 1176 3712 arsi
1198 3646 1261 3712 Ill.
1289 3653 1345 3710 aut

210 3756 243 3820 in
267 3756 333 3820 arsi
355 3755 396 3820 V.
420 3757 635 3840 geminantur,
659 3755 764 3818 rarius
788 3754 821 3817 in
845 3753 972 3817 arsibus
995 3752 1033 3831 1,
1057 3750 1126 3829 VI,
1150 3750 1286 3830 1V.‚11.

296 3877 336 3940 ln
352 3877 457 3942 thesi
479 3876 527 3942 bis
541 3877 625 3940 hanc
636 3875 882 3962 productionem
896 3872 1192 3949 animadvertimus,
1208 3873 1344 3936 alteram

210 3987 286 4046 ante
315 3982 439 4046 litteras
469 3980 507 4045 n
536 3981 568 4044 in
601 3980 687 4044 thesi
711 3980 768 4043 IV.
803 3978 934 4062 (11570
961 3971 1138 4062 τρίλλισσε,
1170 3996 1254 4060 quae
1283 3997 1345 4038 vox
1391 4049 1393 4053 ,

184 4085 252 4149 ‘ad
279 4085 417 4150 Homeri
445 4084 632 4170 exemplum
667 4085 713 4165 (Θ
734 4085 811 4166 488)
836 4081 992 4168 spectat),
1025 4080 1161 4144 alteram
1195 4079 1227 4141 in
1260 4077 1345 4142 thesi

209 4189 303 4275 pedis
325 4189 369 4253 ΙΙ.
394 4187 426 4274 (Ι
442 4191 482 4252 36
506 4185 678 4271 ἕσσασθε).
