<?xml version="1.0" encoding="UTF-8"?>
<!DOCTYPE html PUBLIC "-//W3C//DTD XHTML 1.0 Transitional//EN"
    "http://www.w3.org/TR/xhtml1/DTD/xhtml1-transitional.dtd">
<html xmlns="http://www.w3.org/1999/xhtml" xml:lang="en" lang="en">
 <head>
  <title>
</title>
<meta http-equiv="Content-Type" content="text/html;charset=utf-8" />
  <meta name='ocr-system' content='tesseract 3.04.00' />
  <meta name='ocr-capabilities' content='ocr_page ocr_carea ocr_par ocr_line ocrx_word'/>
</head>
<body>
  <div class='ocr_page' id='page_1' title='image "./depaulosilentar00merigoog_0118.png"; bbox 0 0 3224 4946; ppageno 0'>
   <div class='ocr_carea' id='block_1_1' title="bbox 672 319 909 381">
    <p class='ocr_par' dir='ltr' id='par_1_1' title="bbox 672 319 909 381">
     <span class='ocr_line' id='line_1_1' title="bbox 672 319 909 381; baseline 0 -1"><span class='ocrx_word' id='word_1_1' title='bbox 672 351 712 366; x_wconf 89' lang='lat'>-</span> <span class='ocrx_word' id='word_1_2' title='bbox 762 319 909 381; x_wconf 77' lang='grc'><strong>105-</strong></span> 
     </span>
    </p>
   </div>
   <div class='ocr_carea' id='block_1_2' title="bbox 222 485 1365 683">
    <p class='ocr_par' dir='ltr' id='par_1_2' title="bbox 222 485 1365 683">
     <span class='ocr_line' id='line_1_2' title="bbox 223 485 1359 582; baseline 0.011 -35"><span class='ocrx_word' id='word_1_3' title='bbox 223 491 406 549; x_wconf 85' lang='lat' dir='ltr'>commotns</span> <span class='ocrx_word' id='word_1_4' title='bbox 436 505 519 572; x_wconf 88' lang='lat' dir='ltr'>opus</span> <span class='ocrx_word' id='word_1_5' title='bbox 542 485 623 551; x_wconf 82' lang='lat' dir='ltr'>illud</span> <span class='ocrx_word' id='word_1_6' title='bbox 645 487 827 554; x_wconf 79' lang='lat' dir='ltr'>Isauricum</span> <span class='ocrx_word' id='word_1_7' title='bbox 849 490 949 555; x_wconf 73' lang='lat' dir='ltr'>efiam</span> <span class='ocrx_word' id='word_1_8' title='bbox 970 487 1209 577; x_wconf 69' lang='lat' dir='ltr'>posterioribus</span> <span class='ocrx_word' id='word_1_9' title='bbox 1231 497 1359 582; x_wconf 90' lang='lat' dir='ltr'>tempo-</span> 
     </span>
     <span class='ocr_line' id='line_1_3' title="bbox 222 587 1365 683; baseline 0.01 -33"><span class='ocrx_word' id='word_1_10' title='bbox 222 587 315 650; x_wconf 83' lang='lat' dir='ltr'>ribus</span> <span class='ocrx_word' id='word_1_11' title='bbox 345 595 458 652; x_wconf 87' lang='lat' dir='ltr'>natmn</span> <span class='ocrx_word' id='word_1_12' title='bbox 487 609 565 655; x_wconf 85' lang='lat' dir='ltr'>esse</span> <span class='ocrx_word' id='word_1_13' title='bbox 591 609 690 675; x_wconf 85' lang='lat' dir='ltr'>quam</span> <span class='ocrx_word' id='word_1_14' title='bbox 712 591 840 657; x_wconf 79' lang='lat' dir='ltr'>illorum</span> <span class='ocrx_word' id='word_1_15' title='bbox 863 595 1009 658; x_wconf 79' lang='lat' dir='ltr'>earmina</span> <span class='ocrx_word' id='word_1_16' title='bbox 1031 593 1184 680; x_wconf 79' lang='lat' dir='ltr'>equidem</span> <span class='ocrx_word' id='word_1_17' title='bbox 1206 598 1365 683; x_wconf 85' lang='lat' dir='ltr'>suspicor.</span> 
     </span>
    </p>
   </div>
   <div class='ocr_carea' id='block_1_3' title="bbox 211 691 1364 3981">
    <p class='ocr_par' dir='ltr' id='par_1_3' title="bbox 224 691 1364 885">
     <span class='ocr_line' id='line_1_4' title="bbox 311 691 1364 779; baseline 0.008 -24"><span class='ocrx_word' id='word_1_18' title='bbox 311 691 445 756; x_wconf 82' lang='lat' dir='ltr'>Similes</span> <span class='ocrx_word' id='word_1_19' title='bbox 466 700 655 779; x_wconf 64' lang='lat' dir='ltr'>poemmnm</span> <span class='ocrx_word' id='word_1_20' title='bbox 678 696 769 760; x_wconf 83' lang='lat' dir='ltr'>locos</span> <span class='ocrx_word' id='word_1_21' title='bbox 792 695 915 762; x_wconf 75' lang='lat' dir='ltr'>addere</span> <span class='ocrx_word' id='word_1_22' title='bbox 929 697 1040 762; x_wconf 79' lang='lat' dir='ltr'>liceat.</span> <span class='ocrx_word' id='word_1_23' title='bbox 1084 695 1135 763; x_wconf 77' lang='lat' dir='ltr'>Oi.</span> <span class='ocrx_word' id='word_1_24' title='bbox 1150 698 1266 766; x_wconf 83' lang='lat' dir='ltr'>Ioaun</span> <span class='ocrx_word' id='word_1_25' title='bbox 1280 697 1364 766; x_wconf 80' lang='lat'>148:</span> 
     </span>
     <span class='ocr_line' id='line_1_5' title="bbox 224 785 1153 885; baseline 0.011 -28"><span class='ocrx_word' id='word_1_26' title='bbox 224 785 341 875; x_wconf 74' lang='grc' dir='ltr'><em>ι’ίνέιχα</em></span> <span class='ocrx_word' id='word_1_27' title='bbox 360 793 575 880; x_wconf 68' lang='grc' dir='ltr'><em>τεμνομένων.</em></span> <span class='ocrx_word' id='word_1_28' title='bbox 598 797 637 863; x_wconf 85' lang='grc' dir='ltr'>Ρ.</span> <span class='ocrx_word' id='word_1_29' title='bbox 660 797 771 863; x_wconf 72' lang='lat' dir='ltr'>luas:</span> <span class='ocrx_word' id='word_1_30' title='bbox 794 791 911 881; x_wconf 72' lang='grc' dir='ltr'><em>ἄνδιχα</em></span> <span class='ocrx_word' id='word_1_31' title='bbox 932 798 1153 885; x_wconf 76' lang='grc' dir='ltr'><em>νεμνομὲνοιο.</em></span> 
     </span>
    </p>

    <p class='ocr_par' dir='ltr' id='par_1_4' title="bbox 222 893 1362 1294">
     <span class='ocr_line' id='line_1_6' title="bbox 312 893 1362 990; baseline 0.01 -30"><span class='ocrx_word' id='word_1_32' title='bbox 312 897 427 962; x_wconf 83' lang='lat' dir='ltr'>Ioann</span> <span class='ocrx_word' id='word_1_33' title='bbox 449 897 562 963; x_wconf 75' lang='lat'>1149:</span> <span class='ocrx_word' id='word_1_34' title='bbox 585 893 690 985; x_wconf 75' lang='grc' dir='ltr'><em>αίτᾶρ</em></span> <span class='ocrx_word' id='word_1_35' title='bbox 712 894 792 990; x_wconf 74' lang='grc' dir='ltr'>ὄφις</span> <span class='ocrx_word' id='word_1_36' title='bbox 812 899 1007 988; x_wconf 70' lang='grc' dir='ltr'>πτερόεντος</span> <span class='ocrx_word' id='word_1_37' title='bbox 1027 901 1083 969; x_wconf 72' lang='grc' dir='ltr'>ἐπ’</span> <span class='ocrx_word' id='word_1_38' title='bbox 1105 897 1239 986; x_wconf 58' lang='lat' dir='ltr'>aegeos</span> <span class='ocrx_word' id='word_1_39' title='bbox 1260 900 1362 990; x_wconf 81' lang='grc' dir='ltr'><em>ὅρμον</em></span> 
     </span>
     <span class='ocr_line' id='line_1_7' title="bbox 225 994 1362 1093; baseline 0.011 -31"><span class='ocrx_word' id='word_1_40' title='bbox 225 994 359 1064; x_wconf 64' lang='lat' dir='ltr'>ilium</span> <span class='ocrx_word' id='word_1_41' title='bbox 388 1001 426 1064; x_wconf 92' lang='lat' dir='ltr'>P.</span> <span class='ocrx_word' id='word_1_42' title='bbox 456 999 587 1066; x_wconf 77' lang='lat' dir='ltr'>llssr:</span> <span class='ocrx_word' id='word_1_43' title='bbox 607 1000 761 1088; x_wconf 75' lang='grc' dir='ltr'><em>χαρίεντα</em></span> <span class='ocrx_word' id='word_1_44' title='bbox 792 1004 865 1070; x_wconf 60' lang='grc' dir='ltr'>καθ</span> <span class='ocrx_word' id='word_1_45' title='bbox 898 999 1031 1088; x_wconf 66' lang='grc' dir='ltr'><em>αιίχένος</em></span> <span class='ocrx_word' id='word_1_46' title='bbox 1060 1001 1162 1092; x_wconf 81' lang='grc' dir='ltr'><em>ὅρμον</em></span> <span class='ocrx_word' id='word_1_47' title='bbox 1189 1003 1312 1073; x_wconf 75' lang='grc' dir='ltr'><em>ἑλίσσει</em></span> <span class='ocrx_word' id='word_1_48' title='bbox 1324 1009 1362 1093; x_wconf 83' lang='lat'>¹).</span> 
     </span>
     <span class='ocr_line' id='line_1_8' title="bbox 227 1100 1361 1194; baseline 0.007 -28"><span class='ocrx_word' id='word_1_49' title='bbox 227 1101 279 1166; x_wconf 79' lang='lat' dir='ltr'>Gi.</span> <span class='ocrx_word' id='word_1_50' title='bbox 294 1105 392 1167; x_wconf 85' lang='lat' dir='ltr'>etiam</span> <span class='ocrx_word' id='word_1_51' title='bbox 408 1103 446 1170; x_wconf 91' lang='lat' dir='ltr'>P.</span> <span class='ocrx_word' id='word_1_52' title='bbox 462 1105 570 1170; x_wconf 74' lang='lat'><strong>1125:</strong></span> <span class='ocrx_word' id='word_1_53' title='bbox 592 1106 665 1172; x_wconf 73' lang='grc' dir='ltr'><em>κατ’</em></span> <span class='ocrx_word' id='word_1_54' title='bbox 681 1100 815 1189; x_wconf 67' lang='grc' dir='ltr'><em>αι’χένος</em></span> <span class='ocrx_word' id='word_1_55' title='bbox 829 1103 930 1194; x_wconf 78' lang='grc' dir='ltr'><em>ὅρμον</em></span> <span class='ocrx_word' id='word_1_56' title='bbox 944 1105 1068 1176; x_wconf 76' lang='grc' dir='ltr'><em>ἑλόντα.</em></span> <span class='ocrx_word' id='word_1_57' title='bbox 1111 1109 1220 1176; x_wconf 75' lang='lat' dir='ltr'>Noun.</span> <span class='ocrx_word' id='word_1_58' title='bbox 1236 1111 1268 1191; x_wconf 78' lang='lat'>2,</span> <span class='ocrx_word' id='word_1_59' title='bbox 1281 1115 1361 1175; x_wconf 79' lang='lat'>595:</span> 
     </span>
     <span class='ocr_line' id='line_1_9' title="bbox 222 1197 1207 1294; baseline -0.004 -26"><span class='ocrx_word' id='word_1_60' title='bbox 222 1201 378 1270; x_wconf 80' lang='grc' dir='ltr'><em>ποικίλον</em></span> <span class='ocrx_word' id='word_1_61' title='bbox 398 1199 532 1288; x_wconf 58' lang='lat' dir='ltr'>aiz-{rog</span> <span class='ocrx_word' id='word_1_62' title='bbox 553 1205 665 1294; x_wconf 77' lang='grc' dir='ltr'><em>ὅρμον.</em></span> <span class='ocrx_word' id='word_1_63' title='bbox 829 1197 833 1202; x_wconf 45' lang='grc'><strong>’</strong></span> <span class='ocrx_word' id='word_1_64' title='bbox 1204 1257 1207 1264; x_wconf 87' lang='grc'>.</span> 
     </span>
    </p>

    <p class='ocr_par' dir='ltr' id='par_1_5' title="bbox 307 1304 1360 1403">
     <span class='ocr_line' id='line_1_10' title="bbox 307 1304 1360 1403; baseline 0.009 -31"><span class='ocrx_word' id='word_1_65' title='bbox 307 1308 421 1376; x_wconf 78' lang='lat' dir='ltr'>Iuann.</span> <span class='ocrx_word' id='word_1_66' title='bbox 433 1310 451 1374; x_wconf 95' lang='lat' dir='ltr'>I</span> <span class='ocrx_word' id='word_1_67' title='bbox 466 1315 518 1375; x_wconf 83' lang='grc'>191</span> <span class='ocrx_word' id='word_1_68' title='bbox 531 1335 540 1374; x_wconf 90' lang='lat'>:</span> <span class='ocrx_word' id='word_1_69' title='bbox 555 1304 641 1376; x_wconf 69' lang='grc' dir='ltr'>ἀλλὰ</span> <span class='ocrx_word' id='word_1_70' title='bbox 653 1311 876 1399; x_wconf 79' lang='grc' dir='ltr'><em>παλαιγενέων</em></span> <span class='ocrx_word' id='word_1_71' title='bbox 887 1309 1048 1400; x_wconf 72' lang='grc' dir='ltr'><em>ἐγκύμονα</em></span> <span class='ocrx_word' id='word_1_72' title='bbox 1059 1311 1175 1399; x_wconf 91' lang='grc' dir='ltr'><em>βίβλον</em></span> <span class='ocrx_word' id='word_1_73' title='bbox 1189 1307 1360 1403; x_wconf 74' lang='grc' dir='ltr'><em>ἀφάσσων.</em></span> 
     </span>
    </p>

    <p class='ocr_par' dir='ltr' id='par_1_6' title="bbox 219 1405 1361 1600">
     <span class='ocr_line' id='line_1_11' title="bbox 309 1405 1361 1507; baseline 0.008 -31"><span class='ocrx_word' id='word_1_74' title='bbox 309 1413 347 1479; x_wconf 92' lang='grc' dir='ltr'>Ρ.</span> <span class='ocrx_word' id='word_1_75' title='bbox 370 1413 484 1478; x_wconf 71' lang='lat'>11374</span> <span class='ocrx_word' id='word_1_76' title='bbox 500 1437 568 1501; x_wconf 90' lang='lat' dir='ltr'>sq.:</span> <span class='ocrx_word' id='word_1_77' title='bbox 592 1405 629 1494; x_wconf 76' lang='grc' dir='ltr'>ὃς</span> <span class='ocrx_word' id='word_1_78' title='bbox 648 1415 710 1499; x_wconf 77' lang='grc' dir='ltr'><em>μὲν</em></span> <span class='ocrx_word' id='word_1_79' title='bbox 725 1413 892 1505; x_wconf 67' lang='grc' dir='ltr'><em>ἐλααοιῖιι</em></span> <span class='ocrx_word' id='word_1_80' title='bbox 907 1419 1061 1507; x_wconf 70' lang='grc' dir='ltr'><em>καθαρῆς</em></span> <span class='ocrx_word' id='word_1_81' title='bbox 1082 1413 1243 1504; x_wconf 78' lang='grc' dir='ltr'><em>ε’γκίμονα</em></span> <span class='ocrx_word' id='word_1_82' title='bbox 1264 1414 1361 1506; x_wconf 77' lang='grc' dir='ltr'><strong><em>ῥήτρ-</em></strong></span> 
     </span>
     <span class='ocr_line' id='line_1_12' title="bbox 219 1512 484 1600; baseline 0.008 -20"><span class='ocrx_word' id='word_1_83' title='bbox 219 1539 258 1600; x_wconf 76' lang='grc' dir='ltr'>ης</span> <span class='ocrx_word' id='word_1_84' title='bbox 278 1512 394 1600; x_wconf 79' lang='grc' dir='ltr'><em>βίβλον</em></span> <span class='ocrx_word' id='word_1_85' title='bbox 415 1517 484 1582; x_wconf 76' lang='grc' dir='ltr'>κτλ</span> 
     </span>
    </p>

    <p class='ocr_par' dir='ltr' id='par_1_7' title="bbox 306 1618 1120 1710">
     <span class='ocr_line' id='line_1_13' title="bbox 306 1618 1120 1710; baseline 0.01 -28"><span class='ocrx_word' id='word_1_86' title='bbox 306 1618 420 1686; x_wconf 89' lang='lat' dir='ltr'>Ioann.</span> <span class='ocrx_word' id='word_1_87' title='bbox 443 1619 479 1684; x_wconf 93' lang='grc' dir='ltr'>Π</span> <span class='ocrx_word' id='word_1_88' title='bbox 494 1623 551 1688; x_wconf 75' lang='grc' dir='ltr'>39ῑ</span> <span class='ocrx_word' id='word_1_89' title='bbox 573 1619 631 1688; x_wconf 78' lang='grc' dir='ltr'><em>καί</em></span> <span class='ocrx_word' id='word_1_90' title='bbox 654 1618 702 1702; x_wconf 80' lang='grc' dir='ltr'>είς</span> <span class='ocrx_word' id='word_1_91' title='bbox 723 1619 832 1706; x_wconf 81' lang='grc' dir='ltr'><strong><em>στόμα</em></strong></span> <span class='ocrx_word' id='word_1_92' title='bbox 853 1623 961 1706; x_wconf 79' lang='grc' dir='ltr'><em>χεῖλος</em></span> <span class='ocrx_word' id='word_1_93' title='bbox 982 1621 1120 1710; x_wconf 75' lang='grc' dir='ltr'><em>ἐρείσας.</em></span> 
     </span>
    </p>

    <p class='ocr_par' dir='ltr' id='par_1_8' title="bbox 304 1719 1356 1815">
     <span class='ocr_line' id='line_1_14' title="bbox 304 1719 1356 1815; baseline 0.004 -29"><span class='ocrx_word' id='word_1_94' title='bbox 304 1719 342 1788; x_wconf 90' lang='lat' dir='ltr'>P.</span> <span class='ocrx_word' id='word_1_95' title='bbox 366 1743 396 1790; x_wconf 90' lang='lat' dir='ltr'>a.</span> <span class='ocrx_word' id='word_1_96' title='bbox 412 1727 491 1789; x_wconf 70' lang='lat' dir='ltr'>nt:</span> <span class='ocrx_word' id='word_1_97' title='bbox 513 1721 624 1810; x_wconf 72' lang='grc' dir='ltr'><em>χείλεα</em></span> <span class='ocrx_word' id='word_1_98' title='bbox 638 1723 697 1792; x_wconf 79' lang='grc' dir='ltr'><em>καί</em></span> <span class='ocrx_word' id='word_1_99' title='bbox 713 1721 875 1812; x_wconf 69' lang='grc' dir='ltr'><em>παλάμας</em></span> <span class='ocrx_word' id='word_1_100' title='bbox 889 1722 978 1815; x_wconf 72' lang='grc' dir='ltr'><em>ἱερὴν</em></span> <span class='ocrx_word' id='word_1_101' title='bbox 993 1725 1071 1812; x_wconf 81' lang='grc' dir='ltr'><strong><em>περὶ</em></strong></span> <span class='ocrx_word' id='word_1_102' title='bbox 1086 1723 1202 1812; x_wconf 79' lang='grc' dir='ltr'><em>βίβλον</em></span> <span class='ocrx_word' id='word_1_103' title='bbox 1220 1724 1356 1811; x_wconf 74' lang='grc' dir='ltr'><em>έριῖσαι.</em></span> 
     </span>
    </p>

    <p class='ocr_par' dir='ltr' id='par_1_9' title="bbox 219 1823 1358 2016">
     <span class='ocr_line' id='line_1_15' title="bbox 305 1823 1358 1918; baseline 0.001 -26"><span class='ocrx_word' id='word_1_104' title='bbox 305 1823 421 1892; x_wconf 82' lang='lat' dir='ltr'>Ioann.</span> <span class='ocrx_word' id='word_1_105' title='bbox 452 1827 549 1894; x_wconf 80' lang='lat'><strong>125:</strong></span> <span class='ocrx_word' id='word_1_106' title='bbox 583 1827 700 1913; x_wconf 81' lang='grc' dir='ltr'><em>πέμπε</em></span> <span class='ocrx_word' id='word_1_107' title='bbox 734 1827 855 1914; x_wconf 88' lang='grc' dir='ltr'><em>μέλους</em></span> <span class='ocrx_word' id='word_1_108' title='bbox 886 1825 1034 1918; x_wconf 76' lang='grc' dir='ltr'><em>προχοὴν</em></span> <span class='ocrx_word' id='word_1_109' title='bbox 1067 1869 1109 1878; x_wconf 97' lang='grc'>-</span> <span class='ocrx_word' id='word_1_110' title='bbox 1146 1829 1201 1894; x_wconf 78' lang='grc' dir='ltr'>νῖν</span> <span class='ocrx_word' id='word_1_111' title='bbox 1232 1829 1358 1913; x_wconf 70' lang='grc' dir='ltr'><em>μᾶλλον</em></span> 
     </span>
     <span class='ocr_line' id='line_1_16' title="bbox 219 1923 606 2016; baseline 0.005 -20"><span class='ocrx_word' id='word_1_112' title='bbox 219 1923 344 2014; x_wconf 58' lang='lat' dir='ltr'>sape</span> <span class='ocrx_word' id='word_1_113' title='bbox 364 1923 427 2016; x_wconf 65' lang='grc' dir='ltr'>,ορ</span> <span class='ocrx_word' id='word_1_114' title='bbox 448 1923 606 1998; x_wconf 66' lang='lat' dir='ltr'>mrem.</span> 
     </span>
    </p>

    <p class='ocr_par' dir='ltr' id='par_1_10' title="bbox 217 2027 1358 2204">
     <span class='ocr_line' id='line_1_17' title="bbox 303 2027 1358 2122; baseline 0.002 -26"><span class='ocrx_word' id='word_1_115' title='bbox 303 2033 342 2099; x_wconf 92' lang='lat' dir='ltr'>P.</span> <span class='ocrx_word' id='word_1_116' title='bbox 363 2033 465 2100; x_wconf 63' lang='lat'>218:</span> <span class='ocrx_word' id='word_1_117' title='bbox 495 2029 595 2117; x_wconf 60' lang='grc' dir='ltr'>μᾶος</span> <span class='ocrx_word' id='word_1_118' title='bbox 615 2031 788 2115; x_wconf 64' lang='grc' dir='ltr'><em>πλέξασθαι</em></span> <span class='ocrx_word' id='word_1_119' title='bbox 808 2029 969 2120; x_wconf 73' lang='grc' dir='ltr'><em>χορείαις·</em></span> <span class='ocrx_word' id='word_1_120' title='bbox 995 2027 1150 2122; x_wconf 71' lang='grc' dir='ltr'><em>ὑμέτερος</em></span> <span class='ocrx_word' id='word_1_121' title='bbox 1171 2029 1233 2120; x_wconf 78' lang='grc' dir='ltr'>γὰρ</span> <span class='ocrx_word' id='word_1_122' title='bbox 1253 2033 1358 2120; x_wconf 80' lang='grc' dir='ltr'><em>χῶρος</em></span> 
     </span>
     <span class='ocr_line' id='line_1_18' title="bbox 217 2129 373 2204; baseline 0.026 -4"><span class='ocrx_word' id='word_1_123' title='bbox 217 2129 373 2204; x_wconf 75' lang='grc' dir='ltr'>ἀείδεται.</span> 
     </span>
    </p>

    <p class='ocr_par' dir='ltr' id='par_1_11' title="bbox 216 2239 1356 2632">
     <span class='ocr_line' id='line_1_19' title="bbox 306 2239 1355 2327; baseline 0.001 -23"><span class='ocrx_word' id='word_1_124' title='bbox 306 2239 372 2306; x_wconf 81' lang='lat' dir='ltr'>Sed</span> <span class='ocrx_word' id='word_1_125' title='bbox 387 2241 505 2327; x_wconf 86' lang='lat' dir='ltr'>reliqui</span> <span class='ocrx_word' id='word_1_126' title='bbox 521 2247 597 2306; x_wconf 85' lang='lat' dir='ltr'>sunt</span> <span class='ocrx_word' id='word_1_127' title='bbox 613 2242 676 2305; x_wconf 88' lang='lat' dir='ltr'>loci</span> <span class='ocrx_word' id='word_1_128' title='bbox 692 2242 840 2310; x_wconf 89' lang='lat' dir='ltr'>nonnulli</span> <span class='ocrx_word' id='word_1_129' title='bbox 856 2241 1155 2327; x_wconf 78' lang='lat' dir='ltr'>epigrammatis</span> <span class='ocrx_word' id='word_1_130' title='bbox 1177 2239 1220 2305; x_wconf 92' lang='lat' dir='ltr'>ab</span> <span class='ocrx_word' id='word_1_131' title='bbox 1233 2261 1355 2324; x_wconf 85' lang='lat' dir='ltr'>aequa-</span> 
     </span>
     <span class='ocr_line' id='line_1_20' title="bbox 217 2343 1355 2431; baseline 0 -23"><span class='ocrx_word' id='word_1_132' title='bbox 217 2343 304 2410; x_wconf 73' lang='lat' dir='ltr'>lium</span> <span class='ocrx_word' id='word_1_133' title='bbox 325 2343 421 2409; x_wconf 89' lang='lat' dir='ltr'>Pauli</span> <span class='ocrx_word' id='word_1_134' title='bbox 443 2345 573 2431; x_wconf 87' lang='lat' dir='ltr'>scriptis</span> <span class='ocrx_word' id='word_1_135' title='bbox 595 2351 629 2409; x_wconf 91' lang='lat' dir='ltr'>et</span> <span class='ocrx_word' id='word_1_136' title='bbox 644 2344 749 2410; x_wconf 89' lang='lat' dir='ltr'>Panlo</span> <span class='ocrx_word' id='word_1_137' title='bbox 770 2346 834 2430; x_wconf 89' lang='lat' dir='ltr'>ipsi</span> <span class='ocrx_word' id='word_1_138' title='bbox 857 2365 1056 2420; x_wconf 87' lang='lat' dir='ltr'>communes,</span> <span class='ocrx_word' id='word_1_139' title='bbox 1079 2364 1159 2428; x_wconf 89' lang='lat' dir='ltr'>quos</span> <span class='ocrx_word' id='word_1_140' title='bbox 1174 2345 1355 2429; x_wconf 88' lang='lat' dir='ltr'>praeterire</span> 
     </span>
     <span class='ocr_line' id='line_1_21' title="bbox 216 2445 1356 2533; baseline 0.004 -24"><span class='ocrx_word' id='word_1_141' title='bbox 216 2467 282 2510; x_wconf 85' lang='lat' dir='ltr'>non</span> <span class='ocrx_word' id='word_1_142' title='bbox 316 2448 404 2514; x_wconf 79' lang='lat' dir='ltr'>licet</span> <span class='ocrx_word' id='word_1_143' title='bbox 458 2446 507 2512; x_wconf 79' lang='lat' dir='ltr'>Of.</span> <span class='ocrx_word' id='word_1_144' title='bbox 539 2447 655 2513; x_wconf 81' lang='lat' dir='ltr'>Iulian.</span> <span class='ocrx_word' id='word_1_145' title='bbox 683 2448 844 2533; x_wconf 78' lang='lat' dir='ltr'>Aegypt,</span> <span class='ocrx_word' id='word_1_146' title='bbox 875 2448 930 2532; x_wconf 88' lang='lat' dir='ltr'>qui</span> <span class='ocrx_word' id='word_1_147' title='bbox 959 2447 1001 2512; x_wconf 79' lang='lat' dir='ltr'>A.</span> <span class='ocrx_word' id='word_1_148' title='bbox 1024 2446 1063 2512; x_wconf 93' lang='lat' dir='ltr'>P.</span> <span class='ocrx_word' id='word_1_149' title='bbox 1086 2445 1154 2510; x_wconf 84' lang='lat' dir='ltr'>VII</span> <span class='ocrx_word' id='word_1_150' title='bbox 1181 2449 1255 2528; x_wconf 83' lang='grc'>601,</span> <span class='ocrx_word' id='word_1_151' title='bbox 1270 2451 1290 2508; x_wconf 83' lang='lat'><strong>5</strong></span> <span class='ocrx_word' id='word_1_152' title='bbox 1307 2468 1356 2532; x_wconf 87' lang='lat' dir='ltr'>sq.</span> 
     </span>
     <span class='ocr_line' id='line_1_22' title="bbox 216 2550 1054 2632; baseline 0 -18"><span class='ocrx_word' id='word_1_153' title='bbox 216 2550 258 2614; x_wconf 88' lang='lat' dir='ltr'>de</span> <span class='ocrx_word' id='word_1_154' title='bbox 282 2559 388 2615; x_wconf 88' lang='lat' dir='ltr'>morte</span> <span class='ocrx_word' id='word_1_155' title='bbox 409 2552 608 2616; x_wconf 68' lang='lat' dir='ltr'>Anastasius</span> <span class='ocrx_word' id='word_1_156' title='bbox 631 2551 801 2615; x_wconf 88' lang='lat' dir='ltr'>cniusdam</span> <span class='ocrx_word' id='word_1_157' title='bbox 824 2551 906 2616; x_wconf 85' lang='lat' dir='ltr'>haec</span> <span class='ocrx_word' id='word_1_158' title='bbox 929 2550 1054 2632; x_wconf 81' lang='lat' dir='ltr'>dicit²):</span> 
     </span>
    </p>

    <p class='ocr_par' dir='ltr' id='par_1_12' title="bbox 261 2647 1354 2846">
     <span class='ocr_line' id='line_1_23' title="bbox 261 2647 1354 2741; baseline -0.001 -22"><span class='ocrx_word' id='word_1_159' title='bbox 261 2649 319 2720; x_wconf 82' lang='grc' dir='ltr'><em>σὸν</em></span> <span class='ocrx_word' id='word_1_160' title='bbox 341 2654 379 2719; x_wconf 77' lang='grc' dir='ltr'>δὲ</span> <span class='ocrx_word' id='word_1_161' title='bbox 399 2650 503 2720; x_wconf 84' lang='grc' dir='ltr'><em>πόσιν</em></span> <span class='ocrx_word' id='word_1_162' title='bbox 516 2653 643 2741; x_wconf 78' lang='grc' dir='ltr'><em>γυνέννμ</em></span> <span class='ocrx_word' id='word_1_163' title='bbox 656 2679 693 2721; x_wconf 83' lang='grc' dir='ltr'>τε</span> <span class='ocrx_word' id='word_1_164' title='bbox 707 2659 826 2734; x_wconf 80' lang='grc' dir='ltr'><strong><em>κακαῖς</em></strong></span> <span class='ocrx_word' id='word_1_165' title='bbox 844 2647 993 2722; x_wconf 74' lang='grc' dir='ltr'><em>ἀλάωσεν</em></span> <span class='ocrx_word' id='word_1_166' title='bbox 1015 2647 1125 2732; x_wconf 82' lang='grc' dir='ltr'><em>ἆνίαις</em></span> <span class='ocrx_word' id='word_1_167' title='bbox 1139 2656 1199 2736; x_wconf 88' lang='lat' dir='ltr'>(sc.</span> <span class='ocrx_word' id='word_1_168' title='bbox 1215 2651 1354 2738; x_wconf 73' lang='grc' dir='ltr'><em>τύμβος)</em></span> 
     </span>
     <span class='ocr_line' id='line_1_24' title="bbox 371 2747 1061 2846; baseline 0.001 -25"><span class='ocrx_word' id='word_1_169' title='bbox 371 2747 423 2834; x_wconf 85' lang='grc' dir='ltr'>οἷς</span> <span class='ocrx_word' id='word_1_170' title='bbox 443 2755 546 2823; x_wconf 80' lang='grc' dir='ltr'><em>πλέον</em></span> <span class='ocrx_word' id='word_1_171' title='bbox 566 2750 679 2846; x_wconf 70' lang='grc' dir='ltr'><em>ἠελίου</em></span> <span class='ocrx_word' id='word_1_172' title='bbox 700 2753 831 2840; x_wconf 79' lang='grc' dir='ltr'><em>λάμπες</em></span> <span class='ocrx_word' id='word_1_173' title='bbox 850 2753 1061 2844; x_wconf 84' lang='grc' dir='ltr'><em>Ἀναστασίη.</em></span> 
     </span>
    </p>

    <p class='ocr_par' dir='ltr' id='par_1_13' title="bbox 217 2858 1352 3051">
     <span class='ocr_line' id='line_1_25' title="bbox 301 2858 1352 2947; baseline -0.002 -23"><span class='ocrx_word' id='word_1_174' title='bbox 301 2859 355 2924; x_wconf 81' lang='lat' dir='ltr'>Ad</span> <span class='ocrx_word' id='word_1_175' title='bbox 387 2861 525 2925; x_wconf 81' lang='lat' dir='ltr'>verbnm</span> <span class='ocrx_word' id='word_1_176' title='bbox 549 2861 667 2926; x_wconf 84' lang='lat' dir='ltr'>similia</span> <span class='ocrx_word' id='word_1_177' title='bbox 689 2862 845 2946; x_wconf 82' lang='lat' dir='ltr'>leguntur</span> <span class='ocrx_word' id='word_1_178' title='bbox 874 2861 962 2947; x_wconf 87' lang='lat' dir='ltr'>apud</span> <span class='ocrx_word' id='word_1_179' title='bbox 984 2861 1122 2926; x_wconf 82' lang='lat' dir='ltr'>Paulum</span> <span class='ocrx_word' id='word_1_180' title='bbox 1147 2859 1191 2943; x_wconf 89' lang='lat' dir='ltr'>(a.</span> <span class='ocrx_word' id='word_1_181' title='bbox 1210 2861 1248 2921; x_wconf 76' lang='lat'>12</span> <span class='ocrx_word' id='word_1_182' title='bbox 1272 2858 1352 2944; x_wconf 79' lang='lat' dir='ltr'>sq.);</span> 
     </span>
     <span class='ocr_line' id='line_1_26' title="bbox 217 2962 1300 3051; baseline -0.001 -25"><span class='ocrx_word' id='word_1_183' title='bbox 217 2963 259 3027; x_wconf 88' lang='lat' dir='ltr'>dc</span> <span class='ocrx_word' id='word_1_184' title='bbox 281 2965 489 3049; x_wconf 78' lang='lat' dir='ltr'>martyribus,</span> <span class='ocrx_word' id='word_1_185' title='bbox 513 2967 569 3051; x_wconf 91' lang='lat' dir='ltr'>qni</span> <span class='ocrx_word' id='word_1_186' title='bbox 591 2967 691 3030; x_wconf 85' lang='lat' dir='ltr'>vitam</span> <span class='ocrx_word' id='word_1_187' title='bbox 714 2971 882 3030; x_wconf 87' lang='lat' dir='ltr'>aeternam</span> <span class='ocrx_word' id='word_1_188' title='bbox 904 2965 1142 3050; x_wconf 78' lang='lat' dir='ltr'>praetulerunt,</span> <span class='ocrx_word' id='word_1_189' title='bbox 1166 2962 1300 3026; x_wconf 84' lang='lat' dir='ltr'>dicitur:</span> 
     </span>
    </p>

    <p class='ocr_par' dir='ltr' id='par_1_14' title="bbox 371 3057 1139 3157">
     <span class='ocr_line' id='line_1_27' title="bbox 371 3057 1139 3157; baseline -0.003 -25"><span class='ocrx_word' id='word_1_190' title='bbox 371 3057 424 3146; x_wconf 86' lang='grc' dir='ltr'>οἷς</span> <span class='ocrx_word' id='word_1_191' title='bbox 444 3068 547 3134; x_wconf 72' lang='grc' dir='ltr'><em>πλέον</em></span> <span class='ocrx_word' id='word_1_192' title='bbox 567 3061 694 3157; x_wconf 52' lang='lat' dir='ltr'>simlero</span> <span class='ocrx_word' id='word_1_193' title='bbox 715 3063 820 3152; x_wconf 82' lang='grc' dir='ltr'><em>μόρου</em></span> <span class='ocrx_word' id='word_1_194' title='bbox 841 3058 1139 3151; x_wconf 76' lang='grc' dir='ltr'><em>ζείδωροςᾶνάγκη</em></span> 
     </span>
    </p>

    <p class='ocr_par' dir='ltr' id='par_1_15' title="bbox 214 3166 1349 3567">
     <span class='ocr_line' id='line_1_28' title="bbox 368 3166 933 3259; baseline 0.002 -25"><span class='ocrx_word' id='word_1_195' title='bbox 368 3168 502 3237; x_wconf 79' lang='grc' dir='ltr'><em>ἐλπίσιν</em></span> <span class='ocrx_word' id='word_1_196' title='bbox 523 3167 743 3258; x_wconf 77' lang='grc' dir='ltr'><em>ἅφράστοισιν</em></span> <span class='ocrx_word' id='word_1_197' title='bbox 764 3166 933 3259; x_wconf 59' lang='lat' dir='ltr'>tortiores.</span> 
     </span>
     <span class='ocr_line' id='line_1_29' title="bbox 214 3271 1349 3360; baseline -0.002 -25"><span class='ocrx_word' id='word_1_198' title='bbox 214 3272 344 3338; x_wconf 81' lang='lat' dir='ltr'>Deinde</span> <span class='ocrx_word' id='word_1_199' title='bbox 366 3273 552 3339; x_wconf 83' lang='lat' dir='ltr'>Macedonii</span> <span class='ocrx_word' id='word_1_200' title='bbox 575 3297 629 3360; x_wconf 91' lang='lat' dir='ltr'>ep.</span> <span class='ocrx_word' id='word_1_201' title='bbox 646 3275 697 3338; x_wconf 87' lang='lat' dir='ltr'>IX</span> <span class='ocrx_word' id='word_1_202' title='bbox 715 3277 779 3338; x_wconf 78' lang='lat'>649</span> <span class='ocrx_word' id='word_1_203' title='bbox 802 3273 1110 3338; x_wconf 79' lang='lat' dir='ltr'>commemoratione</span> <span class='ocrx_word' id='word_1_204' title='bbox 1133 3271 1266 3354; x_wconf 85' lang='lat' dir='ltr'>dignum</span> <span class='ocrx_word' id='word_1_205' title='bbox 1289 3277 1349 3348; x_wconf 74' lang='lat' dir='ltr'>est,</span> 
     </span>
     <span class='ocr_line' id='line_1_30' title="bbox 214 3373 1347 3464; baseline -0.004 -24"><span class='ocrx_word' id='word_1_206' title='bbox 214 3397 278 3460; x_wconf 91' lang='lat' dir='ltr'>quo</span> <span class='ocrx_word' id='word_1_207' title='bbox 300 3386 401 3463; x_wconf 84' lang='lat' dir='ltr'>negat</span> <span class='ocrx_word' id='word_1_208' title='bbox 422 3385 521 3464; x_wconf 86' lang='lat' dir='ltr'>poeta</span> <span class='ocrx_word' id='word_1_209' title='bbox 547 3401 584 3443; x_wconf 88' lang='lat' dir='ltr'>se</span> <span class='ocrx_word' id='word_1_210' title='bbox 606 3377 648 3443; x_wconf 88' lang='lat' dir='ltr'>ad</span> <span class='ocrx_word' id='word_1_211' title='bbox 671 3377 908 3442; x_wconf 87' lang='lat' dir='ltr'>aedificandam</span> <span class='ocrx_word' id='word_1_212' title='bbox 930 3375 1063 3440; x_wconf 88' lang='lat' dir='ltr'>domum</span> <span class='ocrx_word' id='word_1_213' title='bbox 1093 3394 1186 3438; x_wconf 86' lang='lat' dir='ltr'>suam</span> <span class='ocrx_word' id='word_1_214' title='bbox 1212 3373 1347 3438; x_wconf 81' lang='lat' dir='ltr'>nefariis</span> 
     </span>
     <span class='ocr_line' id='line_1_31' title="bbox 215 3481 832 3567; baseline 0 -23"><span class='ocrx_word' id='word_1_215' title='bbox 215 3481 412 3547; x_wconf 87' lang='lat' dir='ltr'>adiumentis</span> <span class='ocrx_word' id='word_1_216' title='bbox 435 3505 531 3548; x_wconf 89' lang='lat' dir='ltr'>usum</span> <span class='ocrx_word' id='word_1_217' title='bbox 555 3502 630 3548; x_wconf 85' lang='lat' dir='ltr'>csse</span> <span class='ocrx_word' id='word_1_218' title='bbox 652 3483 697 3567; x_wconf 88' lang='lat' dir='ltr'>(v.</span> <span class='ocrx_word' id='word_1_219' title='bbox 721 3482 832 3567; x_wconf 79' lang='lat' dir='ltr'>bsq.):</span> 
     </span>
    </p>

    <p class='ocr_par' dir='ltr' id='par_1_16' title="bbox 372 3574 1226 3674">
     <span class='ocr_line' id='line_1_32' title="bbox 372 3574 1226 3674; baseline -0.009 -23"><span class='ocrx_word' id='word_1_220' title='bbox 372 3578 463 3651; x_wconf 71' lang='grc' dir='ltr'>οὐδὲ</span> <span class='ocrx_word' id='word_1_221' title='bbox 483 3580 723 3674; x_wconf 80' lang='grc' dir='ltr'><em>λιπερνήιης</em></span> <span class='ocrx_word' id='word_1_222' title='bbox 744 3584 843 3670; x_wconf 78' lang='grc' dir='ltr'><em>κσνεῷ</em></span> <span class='ocrx_word' id='word_1_223' title='bbox 863 3581 920 3648; x_wconf 77' lang='grc' dir='ltr'><em>καὶ</em></span> <span class='ocrx_word' id='word_1_224' title='bbox 944 3574 1075 3667; x_wconf 60' lang='lat' dir='ltr'>&amp;modis</span> <span class='ocrx_word' id='word_1_225' title='bbox 1097 3575 1226 3664; x_wconf 70' lang='grc' dir='ltr'><em>μόχθῳ.</em></span> 
     </span>
    </p>

    <p class='ocr_par' dir='ltr' id='par_1_17' title="bbox 423 3677 1177 3771">
     <span class='ocr_line' id='line_1_33' title="bbox 423 3677 1177 3771; baseline -0.009 -17"><span class='ocrx_word' id='word_1_226' title='bbox 423 3689 544 3754; x_wconf 80' lang='grc' dir='ltr'><em>κλαῦσε</em></span> <span class='ocrx_word' id='word_1_227' title='bbox 565 3683 778 3756; x_wconf 77' lang='grc' dir='ltr'><em>δικαιοτάτου</em></span> <span class='ocrx_word' id='word_1_228' title='bbox 799 3687 928 3771; x_wconf 76' lang='grc' dir='ltr'><em>μισθοῦ</em></span> <span class='ocrx_word' id='word_1_229' title='bbox 948 3677 1177 3769; x_wconf 76' lang='grc' dir='ltr'><em>ἀτεμβόμενος.</em></span> 
     </span>
    </p>

    <p class='ocr_par' dir='ltr' id='par_1_18' title="bbox 211 3782 1346 3981">
     <span class='ocr_line' id='line_1_34' title="bbox 212 3782 1346 3880; baseline -0.01 -24"><span class='ocrx_word' id='word_1_230' title='bbox 212 3791 336 3856; x_wconf 87' lang='lat' dir='ltr'>Paulus</span> <span class='ocrx_word' id='word_1_231' title='bbox 371 3801 480 3858; x_wconf 89' lang='lat' dir='ltr'>autem</span> <span class='ocrx_word' id='word_1_232' title='bbox 509 3793 714 3880; x_wconf 82' lang='lat' dir='ltr'>patriarchae</span> <span class='ocrx_word' id='word_1_233' title='bbox 736 3791 974 3875; x_wconf 83' lang='lat' dir='ltr'>benignitatem</span> <span class='ocrx_word' id='word_1_234' title='bbox 996 3789 1047 3852; x_wconf 88' lang='lat' dir='ltr'>his</span> <span class='ocrx_word' id='word_1_235' title='bbox 1070 3785 1215 3850; x_wconf 87' lang='lat' dir='ltr'>celebrat</span> <span class='ocrx_word' id='word_1_236' title='bbox 1238 3782 1346 3847; x_wconf 85' lang='lat' dir='ltr'>verbis</span> 
     </span>
     <span class='ocr_line' id='line_1_35' title="bbox 211 3895 367 3981; baseline 0.013 -23"><span class='ocrx_word' id='word_1_237' title='bbox 211 3895 367 3981; x_wconf 80' lang='lat'>(11594):</span> 
     </span>
    </p>
   </div>
   <div class='ocr_carea' id='block_1_4' title="bbox 209 4075 1347 4494">
    <p class='ocr_par' dir='ltr' id='par_1_19' title="bbox 301 4075 1196 4153">
     <span class='ocr_line' id='line_1_36' title="bbox 301 4075 1196 4153; baseline -0.012 -14"><span class='ocrx_word' id='word_1_238' title='bbox 301 4085 322 4153; x_wconf 88' lang='lat'>¹)</span> <span class='ocrx_word' id='word_1_239' title='bbox 341 4085 387 4139; x_wconf 91' lang='lat' dir='ltr'>Sic</span> <span class='ocrx_word' id='word_1_240' title='bbox 404 4084 529 4138; x_wconf 81' lang='lat' dir='ltr'>Graefius</span> <span class='ocrx_word' id='word_1_241' title='bbox 547 4102 597 4153; x_wconf 88' lang='lat' dir='ltr'>pro</span> <span class='ocrx_word' id='word_1_242' title='bbox 615 4082 719 4136; x_wconf 84' lang='lat' dir='ltr'>codicis</span> <span class='ocrx_word' id='word_1_243' title='bbox 737 4081 816 4139; x_wconf 79' lang='grc' dir='ltr'><em>ἑλίξει</em></span> <span class='ocrx_word' id='word_1_244' title='bbox 835 4079 1012 4134; x_wconf 85' lang='lat' dir='ltr'>scribendum</span> <span class='ocrx_word' id='word_1_245' title='bbox 1030 4093 1088 4130; x_wconf 83' lang='lat' dir='ltr'>esse</span> <span class='ocrx_word' id='word_1_246' title='bbox 1106 4075 1196 4128; x_wconf 82' lang='lat' dir='ltr'>duxit.</span> 
     </span>
    </p>

    <p class='ocr_par' dir='ltr' id='par_1_20' title="bbox 209 4159 1347 4494">
     <span class='ocr_line' id='line_1_37' title="bbox 299 4159 1347 4240; baseline -0.013 -15"><span class='ocrx_word' id='word_1_247' title='bbox 299 4175 321 4240; x_wconf 89' lang='lat'>²)</span> <span class='ocrx_word' id='word_1_248' title='bbox 340 4172 400 4226; x_wconf 85' lang='lat' dir='ltr'>Hoc</span> <span class='ocrx_word' id='word_1_249' title='bbox 422 4175 517 4224; x_wconf 87' lang='lat' dir='ltr'>autem</span> <span class='ocrx_word' id='word_1_250' title='bbox 536 4170 710 4239; x_wconf 82' lang='lat' dir='ltr'>epigramma</span> <span class='ocrx_word' id='word_1_251' title='bbox 733 4185 790 4221; x_wconf 89' lang='lat' dir='ltr'>non</span> <span class='ocrx_word' id='word_1_252' title='bbox 816 4183 874 4220; x_wconf 81' lang='lat' dir='ltr'>esse</span> <span class='ocrx_word' id='word_1_253' title='bbox 892 4165 996 4219; x_wconf 84' lang='lat' dir='ltr'>Iuliani</span> <span class='ocrx_word' id='word_1_254' title='bbox 1018 4163 1065 4216; x_wconf 81' lang='lat' dir='ltr'>sed</span> <span class='ocrx_word' id='word_1_255' title='bbox 1084 4161 1177 4214; x_wconf 85' lang='lat' dir='ltr'>miseri</span> <span class='ocrx_word' id='word_1_256' title='bbox 1195 4159 1347 4214; x_wconf 87' lang='lat' dir='ltr'>imitatoris</span> 
     </span>
     <span class='ocr_line' id='line_1_38' title="bbox 211 4247 1346 4316; baseline -0.011 -6"><span class='ocrx_word' id='word_1_257' title='bbox 211 4258 354 4312; x_wconf 83' lang='lat' dir='ltr'>Iaoobsius</span> <span class='ocrx_word' id='word_1_258' title='bbox 373 4257 519 4312; x_wconf 85' lang='lat' dir='ltr'>contendit</span> <span class='ocrx_word' id='word_1_259' title='bbox 532 4255 691 4309; x_wconf 85' lang='lat' dir='ltr'>Planndeae</span> <span class='ocrx_word' id='word_1_260' title='bbox 704 4254 866 4308; x_wconf 86' lang='lat' dir='ltr'>testimonio</span> <span class='ocrx_word' id='word_1_261' title='bbox 884 4252 1005 4314; x_wconf 83' lang='lat' dir='ltr'>adiutus,</span> <span class='ocrx_word' id='word_1_262' title='bbox 1028 4249 1058 4302; x_wconf 87' lang='lat' dir='ltr'>in</span> <span class='ocrx_word' id='word_1_263' title='bbox 1076 4265 1132 4316; x_wconf 83' lang='lat' dir='ltr'>qua</span> <span class='ocrx_word' id='word_1_264' title='bbox 1150 4247 1346 4300; x_wconf 84' lang='lat' dir='ltr'>Eratosthenes</span> 
     </span>
     <span class='ocr_line' id='line_1_39' title="bbox 212 4332 1346 4407; baseline -0.012 -10"><span class='ocrx_word' id='word_1_265' title='bbox 212 4343 688 4399; x_wconf 82' lang='lat' dir='ltr'>Scholasticusauctornominatur.</span> <span class='ocrx_word' id='word_1_266' title='bbox 726 4341 812 4406; x_wconf 85' lang='lat' dir='ltr'>Quem</span> <span class='ocrx_word' id='word_1_267' title='bbox 833 4342 862 4393; x_wconf 88' lang='lat' dir='ltr'>et</span> <span class='ocrx_word' id='word_1_268' title='bbox 879 4339 969 4407; x_wconf 87' lang='lat' dir='ltr'>ipsum</span> <span class='ocrx_word' id='word_1_269' title='bbox 989 4335 1040 4388; x_wconf 86' lang='lat' dir='ltr'>sub</span> <span class='ocrx_word' id='word_1_270' title='bbox 1054 4333 1210 4387; x_wconf 81' lang='lat' dir='ltr'>Iustiniano</span> <span class='ocrx_word' id='word_1_271' title='bbox 1222 4332 1346 4385; x_wconf 84' lang='lat' dir='ltr'>floruisse</span> 
     </span>
     <span class='ocr_line' id='line_1_40' title="bbox 209 4423 1178 4494; baseline -0.013 -10"><span class='ocrx_word' id='word_1_272' title='bbox 209 4430 361 4494; x_wconf 84' lang='lat' dir='ltr'>Fabricius,</span> <span class='ocrx_word' id='word_1_273' title='bbox 380 4430 519 4494; x_wconf 78' lang='lat' dir='ltr'>Reiskim,</span> <span class='ocrx_word' id='word_1_274' title='bbox 538 4428 679 4482; x_wconf 84' lang='lat' dir='ltr'>Iacobsius</span> <span class='ocrx_word' id='word_1_275' title='bbox 698 4428 744 4492; x_wconf 83' lang='lat' dir='ltr'>(cf.</span> <span class='ocrx_word' id='word_1_276' title='bbox 763 4427 883 4493; x_wconf 81' lang='lat' dir='ltr'>catalog.</span> <span class='ocrx_word' id='word_1_277' title='bbox 903 4427 936 4478; x_wconf 83' lang='grc' dir='ltr'>Α.</span> <span class='ocrx_word' id='word_1_278' title='bbox 957 4425 996 4489; x_wconf 89' lang='grc' dir='ltr'>Ρ.)</span> <span class='ocrx_word' id='word_1_279' title='bbox 1015 4423 1178 4475; x_wconf 83' lang='lat' dir='ltr'>docuerunt.</span> 
     </span>
    </p>
   </div>
   <div class='ocr_carea' id='block_1_5' title="bbox 1170 4505 1187 4560">
    <p class='ocr_par' dir='ltr' id='par_1_21' title="bbox 1170 4505 1187 4560">
     <span class='ocr_line' id='line_1_41' title="bbox 1170 4505 1187 4560; baseline 0 0"><span class='ocrx_word' id='word_1_280' title='bbox 1170 4505 1187 4560; x_wconf 90' lang='lat'>8</span> 
     </span>
    </p>
   </div>
   <div class='ocr_carea' id='block_1_6' title="bbox 0 0 1616 4946">
    <p class='ocr_par' dir='ltr' id='par_1_22' title="bbox 0 0 1616 4946">
     <span class='ocr_line' id='line_1_42' title="bbox 0 0 1616 4946; baseline 0 4"><span class='ocrx_word' id='word_1_281' title='bbox 0 0 1616 4946; x_wconf 95' lang='lat' dir='ltr'> </span> 
     </span>
    </p>
   </div>
  </div>
 </body>
</html>
