3224 4946
730 301 940 362 ..58-

270 469 376 532 culam
404 470 437 533 in
460 470 542 555 pede
558 469 583 535 Ι.
609 471 777 553 rariusque
801 472 834 534 in
856 471 907 551 V,
931 476 963 534 et
986 472 1084 534 tertia
1104 471 1209 534 forma
1225 471 1353 555 (hiatus.
1369 472 1402 534 in

269 573 334 634 arsi
357 572 431 656 est).
523 579 526 588 ’

358 675 424 740 Sed
453 677 551 740 etiam
589 677 756 762 superavit
782 677 905 740 Paulus
939 676 1130 760 magistrum
1158 677 1333 740 severitate
1369 677 1402 739 in

269 777 455 843 adhibenda
486 785 600 864 quarta
638 781 744 844 forma
772 781 889 846 hiatus.
944 779 1084 843 Omnino
1123 779 1210 843 enim
1246 779 1403 843 abstinuit

269 882 360 944 hiatu
382 882 457 963 illo,
482 883 536 968 qui
560 884 700 948 efficitur
722 866 814 948 brebi
837 883 943 948 vocali
966 891 1041 947 ante
1065 883 1254 969 pronomina
1277 871 1312 949 οἷ
1333 888 1365 945 et
1387 879 1406 944 8

270 991 429 1070 correpta.
473 985 608 1049 Nonnus
622 992 731 1050 autem
749 987 914 1071 ceterique
931 987 1108 1050 imitatores
1126 1007 1191 1049 non
1208 987 1310 1049 semel
1327 1006 1402 1048 eum

270 1087 487 1152 admittebant
510 1088 564 1174 (cf.
586 1089 788 1155 Scheindler.
804 1088 984 1169 Zeitsohrft.
1004 1088 1028 1168 f.
1048 1093 1075 1152 ὃ.
1094 1087 1133 1152 G.
1153 1091 1244 1170 1878,
1266 1110 1296 1172 p.
1314 1089 1402 1172 900).

270 1191 366 1256 Unde
383 1193 539 1277 sequitur,
552 1199 588 1255 ut
603 1192 736 1273 Paulus,
748 1194 867 1279 quippe
880 1193 935 1278 qui
950 1193 1048 1256 etiam
1065 1193 1209 1256 severior
1227 1192 1269 1255 sit
1284 1191 1346 1255 hac
1368 1191 1402 1253 in

268 1316 304 1359 re
321 1295 506 1359 adhibenda
522 1317 619 1380 quam
635 1297 792 1381 magister
814 1297 869 1360 ille
891 1317 1050 1376 morosus,
1073 1297 1200 1360 omnino
1223 1315 1288 1358 non
1304 1301 1400 1380 potu-

269 1399 331 1462 erit
353 1399 401 1462 uti
425 1400 473 1463 eis
496 1399 651 1482 hiatibus,
675 1401 730 1486 qui
752 1421 794 1464 ne
819 1398 906 1485 apud
920 1399 1111 1464 Nonnianos
1128 1398 1258 1483 quidem
1275 1398 1400 1462 inveni-

268 1507 373 1564 antur.
418 1499 534 1586 Itaque
565 1509 718 1588 quattuor
740 1503 815 1567 illos
841 1503 944 1583 locos,
969 1503 1086 1587 quibus
1114 1501 1220 1566 codex
1248 1501 1400 1566 carminis

268 1604 398 1667 Paulini
419 1604 555 1670 brevem
577 1607 725 1669 vocalem
755 1611 832 1670 ante
856 1607 1002 1670 vocalem
1025 1605 1192 1690 sequentis
1215 1605 1308 1669 verbi
1331 1627 1400 1669 cor-

267 1713 395 1792 reptam
417 1707 562 1792 praebet,
586 1709 706 1794 optimo
729 1710 799 1773 iure
816 1709 1026 1774 Hermannus
1050 1715 1084 1773 et
1100 1707 1250 1772 Graclius
1273 1709 1399 1773 coniec-

267 1811 348 1874 turis
373 1812 578 1894 expulerunt.
622 1811 723 1876 Hisce
746 1812 842 1876 Pauli
871 1813 951 1877 locis
975 1812 1079 1877 odiosi
1107 1812 1155 1875 illi
1179 1817 1254 1875 sunt
1277 1811 1399 1875 hiatus:

266 1914 301 1978 ΙΙ
320 1917 379 1978 loo
396 1934 462 1998 sq.:

806 2021 821 2050 ⁰
938 2011 1049 2084 οὔτινα
1071 2013 1193 2105 πεύκην

424 2114 483 2186 οὐκ
505 2115 620 2208 ἐλάτην
643 2117 771 2210 ἐνόησεν
793 2120 939 2207 ἕπαρκὲα
962 2115 1053 2189 οἶκον
1075 2121 1203 2208 ἐρέψαι.

268 2243 480 2308 Hermannus
504 2241 668 2330 ἒπαρκέας
691 2246 788 2310 scribi
811 2246 913 2309 voluit
936 2245 991 2330 (cf.
1017 2246 1116 2332 Orph.
1141 2269 1173 2332 p.
1189 2243 1329 2330 XXVI).

353 2345 388 2408 ΙΙ
407 2348 486 2410 352:
509 2341 639 2435 νήματα
654 2343 912 2434 ποικιλόμορφα,
937 2337 960 2412 ἃ
973 2343 1138 2434 βάρβαρος
1152 2342 1250 2436 ἤροσε
1263 2343 1401 2433 μύρμηξ.

268 2449 479 2514 Hermannus
496 2453 568 2517 1.].;
592 2446 840 2538 ποικιλόμορφα
855 2445 897 2516 τά
912 2453 979 2516 κτλ.
1017 2453 1112 2517 Haec
1129 2474 1257 2538 quoque
1275 2453 1400 2516 conice-
1502 2467 1507 2480 ¹

267 2558 340 2616 tura
353 2553 528 2617 admodum
542 2554 721 2640 probabilis
732 2575 805 2618 esse
817 2553 895 2618 mihi
908 2554 1036 2618 videtur
1048 2556 1250 2641 comparanti
1262 2577 1291 2618 v.
1302 2555 1402 2619 1276:

398 2654 594 2736 λεπταλέαις
616 2650 730 2736 λάλοις
751 2655 985 2742 κεκαλυμμένα,
1008 2658 1073 2723 τῶν
1095 2653 1152 2724 διὰ
1173 2657 1304 2744 μέσσης,

268 2761 326 2823 ubi
350 2761 465 2825 eodem
488 2761 584 2824 modo
613 2762 720 2826 hiatus
747 2761 803 2826 ille
827 2761 958 2827 odiosus
981 2762 1085 2826 forma
1107 2763 1171 2826 τῶν
1194 2783 1252 2848 pro
1276 2749 1320 2826 ὧν
1343 2762 1400 2826 ad-

266 2863 515 2929 hibita'vitatus
539 2870 598 2930 est.

189 3047 192 3060 .
353 2967 481 3032 Deinde
508 2969 542 3032 in
571 2969 656 3034 amb.
679 2991 709 3034 v.
732 2973 772 3034 59
801 2969 920 3034 codicis
951 2971 1124 3036 lectionem
1152 2960 1273 3034 ἷλλλοθι
1300 2961 1401 3054 ὁρμη-

265 3072 383 3152 θεῖσα,
408 3093 490 3156 quae
513 3093 533 3136 a
556 3071 686 3138 (traefio
710 3074 739 3138 d'
763 3074 949 3139 intermisso
974 3074 1182 3154 emendatur,
1206 3073 1342 3152 rectius,
1365 3079 1402 3136 ut

266 3180 361 3258 puto,
385 3175 645 3262 Volkmannus1)
669 3179 899 3263 comprobante
924 3177 1137 3242 Schcindlero
1165 3178 1305 3256 sanavit,
1329 3198 1401 3240 oum

267 3269 407 3342 ἄλλοθεν
431 3280 598 3362 scriberet,
622 3302 719 3365 qnam
741 3281 878 3346 formam
901 3286 978 3344 ante
1003 3281 1144 3361 vocales,
1168 3281 1259 3344 velut
1280 3272 1400 3344 ἄλλοθι

268 3387 344 3446 ante
373 3389 605 3464 consonantes,
628 3385 735 3449 Nonni
768 3385 950 3448 imitatores
974 3383 1201 3468 frequentasse
1224 3390 1352 3448 constat
1362 3382 1399 3468 λ).

353 3485 469 3571 Neque
497 3489 629 3552 minoris
662 3489 852 3552 offensionis
880 3493 932 3552 est
959 3487 1083 3570 hiatus,
1120 3510 1217 3574 quem
1251 3489 1286 3551 in
1314 3487 1400 3552 amb.

266 3610 297 3654 v.
314 3591 376 3652 270
400 3591 553 3675 legimus:

707 3691 951 3772 πολυστέπτοις
973 3692 1002 3759 d'
1026 3691 1084 3759 ἐπὶ
1107 3688 1225 3780 δώροις

425 3793 483 3862 καὶ
505 3794 601 3876 σέλας
623 3789 797 3880 ἀστυόχοισ
820 3793 876 3886 ἑῆς
898 3789 1037 3886 ἀνέθηκε
1059 3792 1206 3886 γαλήνης.

270 3918 376 3992 Quem
398 3919 524 3983 hiatum
548 3920 678 3984 etiamsi
701 3919 742 3984 ab
760 3919 897 3984 Homeri
920 3941 983 3983 usu
1006 3925 1039 3984 et
1061 3926 1195 4006 propter
1216 3920 1321 4005 ipsam
1344 3941 1401 3984 vo-

268 4023 348 4088 calis
371 4017 388 4087 ἓ
402 4029 552 4087 naturam
577 4029 610 4088 et
633 4029 767 4110 propter
783 4045 951 4090 caesuram
968 4023 1056 4088 tertii
1072 4024 1163 4109 pedis
1186 4045 1251 4087 non
1267 4024 1401 4105 recedit,

267 4132 378 4192 tamen
413 4149 434 4191 a
461 4127 564 4191 Paulo
599 4128 729 4193 omnino
766 4149 839 4193 esse
874 4127 1125 4194 abiudioandum
1158 4133 1248 4213 puto.
1292 4127 1401 4212 Atque

356 4333 377 4402 ¹)
395 4332 563 4390 Volkmann.
582 4335 600 4389 l.
619 4335 637 4388 l.
656 4333 686 4387 in
705 4351 765 4405 cap.
783 4333 823 4387 VI
841 4335 879 4404 (p.
892 4335 927 4390 32
938 4334 1010 4404 sqq.)
1028 4333 1063 4388 dc
1081 4332 1162 4387 hiatu
1181 4331 1248 4402 egit.

356 4423 377 4492 ²)
397 4421 436 4476 Of.
454 4421 533 4481 Paul.
552 4421 642 4478 11554
661 4418 778 4480 ἄλλοθεν
797 4420 870 4496 ἄλλη.
887 4424 977 4480 1138?
997 4420 1092 4478 ἄλλοθι
1108 4423 1169 4496 μέν.
