3252 4954
709 275 918 336 „29-

244 441 349 506 riores
373 441 464 507 aedis
486 447 598 527 partes
615 444 885 530 contemplentur,
910 443 1018 509 denuo
1033 445 1167 510 laudato
1185 447 1383 532 imperatore

245 545 286 610 ad
321 544 537 610 describenda
574 547 729 611 encaenia
759 547 877 611 transit
900 546 1115 635 (178-216);
1144 571 1195 614 vv.
1214 553 1383 614 coe-mo

245 655 355 713 autem
371 650 555 735 ‘praeclare
586 650 734 736 depingit
769 649 1010 717 multitudinem
1045 653 1225 732 hominum,
1258 656 1313 740 qui
1342 654 1384 719 ad

244 752 415 816 ecclesiam
439 758 601 817 corruunt.
648 753 732 817 Tum
753 753 862 818 verbis
886 754 1061 820 admodum
1082 757 1253 822 rhetoricis
1276 780 1383 823 sacer·

244 857 350 938 dotes,
373 863 409 921 ut
432 858 582 944 aperiant
604 859 718 944 templi
740 864 864 944 portas,
880 859 1004 925 incitat.
1049 859 1159 946 Atque
1174 863 1236 927 hoc
1253 864 1384 949 quidem

244 962 316 1026 loco
339 962 481 1047 primum
503 961 620 1026 librum
644 963 771 1026 linitum
796 984 870 1028 esse
893 969 1056 1049 putamus.

330 1065 362 1130 N
363 1087 426 1130 unc
441 1066 515 1152 ipsa
526 1066 682 1152 incipitur
691 1066 865 1152 descriptio
878 1067 1041 1132 interioris
1057 1069 1172 1155 templi
1189 1091 1227 1134 ao
1242 1071 1384 1156 primum

243 1169 348 1254 partis
372 1170 555 1251 orientalis,
578 1169 635 1234 ubi
657 1171 774 1235 altaria
798 1170 959 1256 sedesque
987 1173 1196 1238 sacerdotum
1221 1179 1323 1256 stant,
1352 1181 1384 1239 et

244 1293 384 1357 magnae
413 1273 581 1337 orientalis
610 1273 772 1355 conchae,
802 1295 886 1359 quae
917 1281 1061 1342 vocatur.
1112 1276 1223 1341 Paene
1249 1297 1310 1362 par
1333 1283 1384 1341 est

244 1377 394 1441 orientali
423 1377 499 1441 huic
529 1377 613 1463 parti
643 1377 873 1459 occidentalis,
898 1380 990 1444 cuius
1013 1379 1190 1466 descriptio
1216 1380 1383 1446 secundi

245 1479 367 1544 codicis
391 1481 467 1544 libri
489 1481 617 1544 initium
639 1481 729 1547 facit.
773 1481 1012 1546 Describuntur
1035 1485 1178 1569 porticus
1200 1484 1274 1566 illa,
1298 1505 1382 1571 quae

243 1585 383 1648 narthex
405 1583 533 1666 dicitur,
550 1584 694 1648 medium
709 1586 878 1672 templum,
903 1608 1001 1672 super
1020 1587 1105 1673 quod
1121 1588 1230 1653 tholus
1248 1589 1380 1670 eminet,

244 1694 397 1773 quattuor
430 1688 533 1774 pilae,
568 1709 662 1752 arcus
697 1695 757 1755 ete.
811 1689 964 1756 Dolenda
992 1697 1103 1757 autem
1134 1697 1185 1757 est
1214 1693 1249 1756 in
1282 1693 1382 1778 ipsius

243 1793 326 1858 tholi
353 1792 571 1878 descriptione
601 1794 719 1858 lacuna
748 1793 917 1880 (81-93).
967 1795 1051 1860 Tum
1088 1801 1242 1861 secuntur
1272 1803 1382 1883 partes

243 1897 517 1983 septentrionales
535 1902 568 1962 et
583 1898 824 1979 meridionales,
848 1898 905 1962 ubi
920 1900 1093 1964 mulierum
1110 1900 1205 1965 sedes
1220 1900 1382 1982 videntur,

243 2001 357 2087 pronai
380 2001 616 2083 occidentales,
645 2024 801 2088 magnum
824 2003 980 2068 vestibuli
1002 2004 1130 2069 labrum
1155 1998 1301 2093 (φιάλη);
1326 2027 1381 2070 cc-

243 2105 366 2190 piosius
382 2110 493 2170 autem
504 2104 731 2170 describuntur
743 2107 834 2170 varia
846 2107 1017 2172 marmoris
1033 2108 1381 2195 genera(201-230),

244 2209 363 2274 deinde
387 2231 487 2295 opera
510 2210 734 2292 vermiculata,
758 2211 904 2292 cancelli,
928 2211 1047 2296 quibus
1072 2233 1165 2277 sacra
1181 2233 1257 2299 pars
1274 2214 1381 2277 orien-

242 2315 318 2378 talis
347 2337 366 2380 a
395 2315 502 2379 medio
531 2315 655 2400 templo
686 2316 881 2397 secernitur,
914 2315 993 2380 Iesu
1016 2314 1151 2395 Christi,
1179 2317 1380 2402 angelorum,

244 2421 481 2504 apostolorum,
512 2417 638 2484 Mariae
662 2419 856 2505 imaginibus
881 2419 995 2500 ornati,
1020 2421 1197 2485 sacrarium
1220 2421 1380 2505 intimum,

244 2523 360 2588 altaria
388 2525 461 2610 ipsa
485 2525 685 2608 tegumentis
711 2525 832 2603 celata,
863 2523 980 2607 quibus
1011 2523 1132 2588 Christi
1160 2531 1258 2608 atque
1286 2525 1381 2588 Pauli

243 2627 398 2712 Petrique
430 2629 603 2692 simulacra
638 2633 671 2693 ct
698 2627 820 2692 domini
847 2627 1003 2692 miracula
1035 2627 1162 2692 intexta
1200 2634 1276 2692 sunt
1303 2628 1380 2713 (370

244 2733 374 2815 -385).
418 2731 570 2796 Plurimis
588 2731 697 2796 verbis
716 2737 874 2796 nocturna
893 2731 1055 2796 ecclesiae
1074 2731 1200 2796 lumina
1210 2732 1380 2818 praedicat

243 2833 460 2922 (mo—504),
485 2857 621 2921 quorum
644 2835 829 2900 mirabilem
853 2856 931 2899 sane
955 2835 1116 2919 fulgorem
1139 2855 1234 2898 nemo
1256 2835 1379 2900 descri-

243 2939 322 3004 bere
345 2940 459 3025 possit.
510 2939 616 3026 Atque
640 2940 749 3004 finitur
771 2939 855 3002 liber
879 2937 1044 3002 secundus
1077 2960 1162 3003 nova
1190 2937 1380 3004 laudatione

242 3044 459 3129 imperatoris,
484 3044 575 3108 cuius
595 3043 800 3108 clementiam
816 3047 893 3106 ante
910 3047 1038 3106 ceteras
1050 3043 1187 3106 virtutes
1203 3041 1381 3106 admiratur

243 3148 381 3228 Paulus,
412 3169 488 3214 nam
514 3153 648 3233 propter
676 3148 766 3212 illam
793 3167 923 3232 semper
950 3147 981 3210 ei
1010 3167 1156 3210 summus
1185 3146 1265 3211 deus
1292 3145 1379 3212 domi

243 3253 445 3338 militiaeque
462 3252 628 3338 praesidio
654 3258 704 3316 est
716 3251 913 3337 (ooo-550.
932 3251 971 3318 cf.
990 3251 1088 3315 etiam
1099 3235 1176 3315 libri
1192 3251 1218 3318 l.
1234 3251 1336 3337 praef.
1353 3250 1378 3314 Ι.

244 3379 274 3423 v.
291 3360 309 3420 6
328 3365 421 3442 sqq.).
466 3356 538 3420 Has
563 3362 674 3421 autem
690 3355 805 3420 laudes
827 3356 930 3420 flectit
952 3359 1051 3441 poeta
1074 3376 1103 3420 v.
1121 3358 1181 3418 551
1208 3355 1248 3418 ab
1272 3355 1377 3440 impe-

242 3467 350 3526 ratore
374 3460 416 3524 ad
438 3461 656 3546 patriarcham
681 3459 795 3525 eadem
818 3479 897 3522 usus
922 3459 1071 3523 cautione
1096 3459 1248 3540 ridicula,
1282 3480 1379 3543 quam

243 3587 343 3651 supra
377 3565 637 3628 observavimus:
674 3585 790 3628 revera
826 3563 926 3626 etiam
961 3561 1167 3648 patriarchae
1195 3561 1309 3625 laudes
1338 3561 1379 3625 ad

241 3666 471 3754 imperatorem
496 3673 663 3754 spectare,
693 3667 749 3752 qui
775 3667 880 3731 virum
903 3673 971 3730 tam
992 3667 1194 3753 praeclarum
1219 3666 1380 3730 creaverit

243 3772 455 3838 sacerdotem.
501 3771 651 3856 Denique
685 3776 825 3835 exeunte
856 3770 999 3834 carmine
1029 3769 1246 3855 patriarcham
1281 3769 1378 3852 longa

241 3875 308 3942 vita
348 3877 461 3960 augeri
501 3877 590 3960 cupit
628 3875 769 3956 Paulus,
814 3894 897 3958 quae
939 3879 973 3938 et
1005 3873 1194 3958 imperatori
1236 3877 1269 3936 et
1306 3870 1378 3936 urbi

242 3981 340 4044 saluti
363 3980 415 4044 sit.

329 4083 402 4158 Qua
436 4105 479 4147 ex
513 4083 647 4147 secundi
680 4083 756 4148 libri
788 4082 935 4146 clausula
969 4081 1048 4144 satis
1083 4079 1293 4143 manifestum
1328 4085 1379 4142 est

241 4187 381 4252 Paulum
404 4187 495 4251 initio
520 4186 649 4272 quidem
673 4185 801 4250 duobus
823 4184 916 4249 libris
940 4184 1111 4248 materiam
1125 4183 1216 4247 illam
1230 4187 1383 4268 pertram

242 4288 313 4356 tare
335 4293 369 4354 in
393 4291 502 4355 animo
524 4289 690 4356 habuisse.
737 4289 830 4365 Quae
854 4289 882 4354 si
905 4310 970 4353 nou
986 4289 1032 4352 ita
1048 4293 1167 4370 essent,
1192 4288 1262 4351 sine
1279 4287 1376 4352 dubio

241 4400 338 4481 poeta
353 4395 413 4460 has
433 4395 640 4460 laudationes
659 4395 693 4458 in
708 4399 857 4459 extrema
876 4392 917 4458 de
939 4392 1078 4456 ambone
1097 4396 1190 4478 parte
1202 4391 1382 4477 posuisset.¹
