3224 4946
713 233 926 296 ,86-

251 407 284 470 in
311 406 391 491 ipsis
424 405 532 469 verbis
562 424 619 468 eos
656 402 946 488 deprehendimus,
976 401 1033 466 red
1064 403 1161 465 etiam
1192 401 1239 464 ita
1261 399 1387 484 disper-

251 510 342 589 titos,
365 514 402 572 ut
424 508 510 593 prior
533 506 703 592 anapaesti
726 505 834 570 brevis
862 511 918 569 aut
940 505 1056 570 ambae
1079 505 1197 570 breves
1220 505 1388 568 clausulae

252 611 344 678 verbi
358 610 552 690 tribuantur,
567 610 694 694 reliqua
708 630 787 709 serp
804 609 899 673 huius
915 609 1008 693 pedis
1023 631 1099 694 pars
1114 608 1206 672 initio
1221 607 1389 693 sequentis

251 715 356 801 pedis.
408 713 546 782 03173
566 710 730 798 aoooblrrig
751 710 851 798 dpwgl.
872 711 955 777 163.
993 712 1047 776 ΙΙΙ
1064 715 1082 776 3
1102 705 1256 800 typicare
1269 709 1387 796 cotilae.

253 820 381 884 ΙῙ.48.
395 821 446 884 54.
462 819 513 883 63.
527 820 577 882 34.

339 921 411 986 Iam
426 920 560 984 minoris
577 920 766 984 offensionis
789 919 818 983 ei
836 918 1006 1003 anapaesti
1022 923 1107 998 sunt,
1124 939 1261 1002 quorum
1277 918 1388 983 theses

252 1021 487 1110 monosyllabis
518 1029 575 1088 aut
604 1022 770 1107 disyllabis
802 1022 986 1086 efficiuntur
1015 1042 1088 1086 oum
1115 1022 1265 1107 proximo
1288 1023 1389 1087 verbo

253 1135 323 1194 arte
348 1128 539 1192 coniunctis.
586 1127 636 1192 of.
660 1125 743 1190 IV5
767 1120 828 1211 γὰρ
851 1118 891 1190 ἂν
914 1118 973 1210 εἴη.
1019 1125 1093 1189 172
1116 1125 1134 1189 δ
1155 1129 1323 1204 τοσοῦτος.
1348 1129 1389 1190 73

252 1229 311 1297 ἐπὶ
334 1226 399 1297 σοι’.
576 1227 579 1234 ’
1183 1251 1186 1254 ·

338 1334 424 1400 Item
440 1334 562 1400 Paulus
579 1334 710 1419 saepius
734 1355 754 1397 a
775 1333 889 1416 regula
911 1332 951 1397 de
968 1333 1106 1398 trimetri
1129 1333 1193 1398 fine
1211 1334 1389 1399 constituta

253 1438 377 1504 recedit
405 1436 461 1522 (ol.
483 1436 601 1502 Christ.
630 1437 752 1502 Metrila
775 1436 788 1475 ²
815 1459 846 1522 p.
865 1435 952 1520 338).
1004 1436 1089 1500 Nam
1112 1437 1140 1500 si
1170 1438 1310 1502 creticus
1333 1445 1391 1503 aut

253 1562 317 1607 uno
339 1542 440 1606 verbo
465 1547 522 1606 ant
543 1539 669 1605 duobus
685 1540 854 1606 vocabulis
877 1541 982 1606 factus
999 1561 1131 1605 versum
1147 1541 1279 1622 claudit,
1302 1541 1390 1606 haud

253 1646 300 1708 ita
322 1666 395 1710 raro
418 1644 541 1708 Paulus
565 1644 776 1729 spondaioam
800 1645 981 1708 clausulam
1012 1643 1102 1709 verbi
1126 1645 1265 1730 plurium
1290 1647 1389 1731 sylla-

254 1749 369 1813 barum
397 1754 473 1813 ante
505 1769 578 1813 eum
610 1749 729 1834 posuit.
782 1734 831 1814 Ol.
855 1748 872 1811 I
897 1752 933 1811 17
965 1741 1210 1834 διαδιδράσκεις
1239 1744 1388 1828 εὐκόλως.

252 1851 326 1916 136
349 1852 391 1916 al.

341 1955 467 2029 Quibus
484 1936 769 2020 observationibus
788 1956 868 2020 satis
885 1955 1162 2020 demonstravisse
1183 1956 1263 2020 mihi
1278 1957 1390 2021 videor

253 2059 393 2124 Paulum
431 2059 595 2124 trimetros
631 2059 788 2124 iambicos
820 2059 985 2125 liberrime
1021 2059 1242 2126 conformasse
1277 2063 1389 2147 (puros

253 2185 367 2228 versus
390 2163 548 2228 iambicos
573 2167 724 2247 quattuor
746 2163 870 2228 inveni:
894 2163 911 2226 I
931 2165 978 2228 16.
994 2165 1045 2228 65.
1062 2167 1111 2228 75.
1134 2163 1228 2246 116).

339 2266 409 2330 Neo
424 2266 557 2350 impune
574 2264 634 2329 boo
652 2265 714 2328 sibi
728 2265 861 2330 indulsit
881 2266 1028 2330 misellus
1044 2264 1258 2352 Byzantinus.
1304 2267 1390 2331 Nam

253 2370 400 2454 quamvis
430 2389 503 2434 sero
532 2374 642 2432 tamen
670 2369 958 2434 vehementissime
992 2391 1066 2434 eum
1097 2371 1271 2455 castigavit
1298 2371 1390 2454 virga

254 2472 360 2537 severi
376 2471 543 2556 scaligeri.
580 2471 646 2536 Hio
657 2472 743 2536 enim
756 2472 911 2537 iudicium
922 2472 1012 2553 illud,
1030 2473 1116 2558 quod
1128 2473 1170 2538 de
1183 2473 1284 2538 Paulo
1300 2473 1389 2554 fecit,

253 2577 344 2640 hisoe
367 2575 471 2639 linivit
493 2575 617 2639 verbis:
642 2575 795 2655 „Iambus
818 2580 938 2655 autem,
962 2597 1058 2662 quem
1081 2578 1172 2663 operi
1188 2579 1387 2664 praeposuit,

253 2679 335 2744 adeo
369 2679 492 2760 inians,
525 2679 671 2761 ieiunus,
700 2681 842 2761 hiulcus,
872 2672 1056 2758 ἆσύστατος
1085 2687 1152 2763 est,
1187 2687 1223 2746 ut
1250 2683 1387 2746 tironem

252 2783 361 2870 potius
386 2805 482 2869 quarn
505 2789 668 2848 maturum
691 2791 823 2870 poetam
846 2788 1038 2869 agnoscas.“

717 3029 922 3038 ——-—,

789 3211 853 3316 111.

523 3403 575 3469 Ile
598 3403 703 3472 Pauli
725 3401 930 3474 Silentiarii
953 3404 1122 3472 dictione.

339 3572 413 3636 Hoc
445 3593 571 3656 quoque
601 3573 634 3636 in
662 3573 769 3659 capite
791 3573 950 3660 imprimis
973 3573 1005 3637 id
1028 3595 1140 3660 agam,
1169 3583 1205 3640 ut
1229 3574 1387 3658 exemplis

253 3697 350 3762 quam
382 3675 529 3762 plurimis
557 3675 793 3759 demonstrem,
825 3683 1027 3765 quantopere
1049 3678 1173 3742 Paulus
1198 3678 1296 3742 etiam
1319 3699 1386 3742 ser-

252 3801 383 3844 monem
411 3779 575 3865 poeticum
597 3778 706 3844 Nonni
736 3787 868 3846 secutus
898 3783 951 3847 sit.
998 3781 1062 3847 Sed
1085 3770 1243 3866 angustiis
1267 3779 1386 3844 disser-

252 3883 384 3948 tationis
408 3884 483 3948 vela
507 3883 699 3950 contrahere
723 3906 831 3972 cogor,
856 3907 962 3972 neque
985 3892 1051 3952 tam
1067 3883 1206 3950 dilucide
1225 3883 1386 3949 disserere

253 4008 387 4074 possum
422 3987 462 4052 de
493 3993 565 4052 arta
599 3989 655 4052 illa
681 3987 791 4054 Nonni
819 3989 978 4078 Paulique
1006 3987 1261 4068 necessitudine,
1289 4009 1386 4072 quam

252 4091 437 4156 Ludovious
456 4089 617 4158 Schwabe
634 4095 788 4178 exposuit
811 4093 851 4159 de
876 4116 926 4174 ea,
943 4117 1026 4182 quae
1050 4099 1100 4160 est
1115 4093 1200 4156 inter
1214 4089 1387 4155 Musaeum

253 4201 287 4262 et
309 4195 593 4282 Panopolitanum.
639 4197 704 4262 Hic
729 4199 816 4262 enim
839 4199 887 4264 vir
910 4199 1023 4266 doctus
1046 4188 1171 4277 libello,
1197 4217 1258 4281 quo
1281 4194 1385 4281 philo-

252 4301 401 4386 logorum
426 4321 614 4365 consessum
639 4301 885 4388 Tubingensem
909 4303 1062 4370 salutavit
1084 4323 1168 4369 anno
1194 4301 1292 4382 1876,
1318 4300 1385 4366 sin-
