3252 4954
691 251 905 314 „31-

230 420 353 484 Paulus
376 439 440 488 non
460 419 569 484 'solum
591 420 739 484 mihimet
760 421 824 506 ipsi
846 420 986 502 videtur,
1011 420 1069 486 sed
1093 419 1193 486 etiam
1216 420 1367 485 omnibus

230 526 307 588 viris
334 524 450 605 doctis,
474 525 658 609 quicunque
683 525 759 589 huic
782 531 899 609 poetae
923 545 1055 610 operam
1078 523 1249 605 dederunt,
1273 525 1367 590 sicuti

229 631 283 694 Du
300 630 435 716 Gangio,
452 630 613 711 Iaoobsm,
633 629 858 714 Bernhardyo,
878 629 1120 710 Paulsseni01).
1165 628 1260 702 Quod
1282 629 1366 694 iudi-

229 737 315 800 cium
360 735 521 820 exemplis
559 734 674 798 fulcire
713 733 847 799 difficile
883 739 948 815 est,
987 741 1092 798 totum
1132 755 1262 798 carmen
1300 735 1367 820 legi

230 844 368 924 oportet.
422 838 489 904 Sed
516 838 674 923 imprimis
708 837 820 917 laudo,
851 838 935 923 quod
966 837 1089 903 Paulus
1111 859 1274 924 persaepe
1299 839 1364 902 sin-

229 943 313 1028 gulis
338 943 452 1027 templi
474 940 624 1028 partibus
655 963 728 1006 cnm
751 941 864 1026 figuris
888 942 966 1006 artis
988 943 1209 1027 geometricae
1233 963 1365 1029 compa·

227 1047 307 1110 ratis
330 1044 592 1110 commodissime
613 1045 809 1130 impetravit,
833 1050 879 1128 ut,
903 1067 986 1130 quae
1010 1045 1118 1110 dicere
1135 1047 1246 1128 vellet,
1269 1047 1366 1111 intel-

226 1151 425 1235 legeremus3
449 1149 539 1213 velut
561 1147 631 1212 eius
652 1149 755 1234 partis
778 1148 893 1231 forma,
916 1169 999 1233 quae
1017 1149 1244 1214 sanctissimae
1262 1149 1367 1215 absidi

231 1253 381 1318 orientali
411 1252 598 1337 adiungitur
630 1258 663 1315 et
693 1252 785 1316 ouius
813 1251 925 1316 infima
951 1273 1027 1338 pars
1051 1252 1174 1318 duecte
1198 1259 1263 1333 est,
1292 1276 1366 1319 cum

228 1356 375 1442 cylindro
405 1361 612 1441 comparatur
643 1354 749 1440 (1236
767 1376 834 1440 sqq.
865 1353 1004 1440 11153).
1059 1355 1108 1420 Of.
1138 1356 1237 1421 etiem
1264 1357 1365 1420 trian-

228 1461 325 1545 gulos
360 1461 434 1523 illos
468 1480 568 1545 supra
602 1463 871 1523 commemoratos
903 1457 1034 1544 (1152).
1085 1457 1235 1544 lemque
1262 1453 1367 1537 πόλος

227 1564 279 1649 (ΙΙ
300 1563 366 1648 80),
395 1563 498 1644 κῶνος
520 1562 570 1648 (11
592 1564 679 1646 309),
703 1556 802 1647 κύβος
825 1561 867 1646 (a.
890 1561 981 1648 232),
1004 1569 1178 1648 praeterea
1200 1557 1365 1650 πλάστιγξ

226 1668 277 1753 (II
295 1666 373 1753 427)
398 1667 553 1758 exempla
575 1665 793 1751 adponuntur.

316 1771 361 1835 At
383 1772 445 1835 hoo
469 1790 596 1856 quoque
619 1769 799 1834 notandum
827 1774 878 1833 est
900 1790 963 1834 non
985 1791 1059 1834 raro
1082 1777 1214 1856 poetam
1237 1776 1365 1837 tumore

226 1876 381 1940 orationis
409 1875 637 1961 impedivisse‚
667 1895 709 1938 nc
739 1873 849 1938 statim
872 1873 975 1939 verba
998 1875 1067 1938 eius
1090 1875 1364 1961 perspiceremus.

224 1981 365 2046 Inflatae
382 1979 539 2044 orationis
555 1978 713 2042 nonnulla
728 1977 895 2062 proferam
912 1979 1098 2063 specimina.
1145 1979 1220 2044 Una
1233 1980 1364 2044 eadem·

118 2092 121 2098 ’
227 2105 291 2170 que
326 2104 379 2148 res
414 2082 465 2146 bis
502 2082 695 2167 exprimitur
732 2080 906 2145 verborum
942 2081 1095 2146 ubertate
1133 2104 1266 2168 prorsus
1300 2103 1364 2146 non

225 2187 427 2252 necessaria.
474 2183 524 2252 Of.
547 2179 624 2249 libri
646 2183 672 2248 I.
695 2183 793 2270 prior.
816 2183 919 2271 praef.
943 2205 974 2250 v.
991 2187 1032 2248 64
1049 2207 1113 2270 sq.:

383 2283 478 2376 ὅρκον
500 2282 636 2376 βοηθόν,
661 2281 755 2374 ὅρκον
778 2280 1026 2374 ἀῤῥαγέστατον,

382 2383 419 2460 ὃν
441 2387 478 2459 οὐ
501 2393 685 2482 παρῆλθες,
710 2386 779 2461 οὐδ’
803 2387 884 2458 ἑκὼν
906 2387 1149 2480 παραόράμοις.

225 2499 347 2565 Statim
371 2497 497 2584 depulit
518 2497 696 2583 imperator
718 2497 864 2562 dolorem
895 2519 937 2562 ox
961 2497 1052 2562 aedis
1076 2498 1170 2562 ruina
1193 2503 1363 2583 acceptum

224 2605 258 2687 (I
274 2607 310 2668 81
332 2605 431 2687 sqq.):

382 2697 491 2770 οὐκέτι
514 2697 572 2791 δὴν
594 2697 739 2788 ἐκάλυψε
761 2696 837 2768 νόου
860 2701 965 2785 σέλας,
990 2697 1066 2770 οὐδὲ
1087 2698 1236 2793 κατηφής

381 2802 529 2896 ἠρεμέειν
550 2803 699 2892 κέκληκεν
721 2798 852 2892 ἀερηέος
874 2801 1023 2891 ἅμμασιν
1046 2800 1162 2874 όκνου·

382 2904 465 2976 ἀλλὰ
487 2905 704 2998 μινυνθαδίης
727 2902 930 2976 ἀπεσείσατο
952 2908 1081 2997 κέντρον
1103 2904 1203 2997 ἀνίης.

225 3017 381 3084 Secunda
404 3015 561 3080 encaenia
583 3015 648 3100 ipsi
670 3013 735 3079 diei
757 3015 860 3078 natali
883 3015 1005 3079 domini
1022 3014 1142 3080 Christi
1165 3015 1365 3081 antecedunt

224 3119 455 3204 (1194sqq.):

381 3217 523 3308 έπρεπεν
546 3213 743 3306 ἀμβροσίοιο
766 3220 850 3286 θεοῦ
872 3216 1095 3307 προκέλευθον
1117 3217 1231 3310 ἑορτῆς

380 3319 547 3412 ὑμετέροις
569 3324 680 3389 λαοῖσι
704 3317 808 3411 θόρην
830 3326 921 3410 νηοῖο
943 3318 1120 3392 πετάσσαι.

381 3425 523 3515 έπρεπεν
545 3423 650 3514 ἑξείης
671 3421 755 3511 μετὰ
777 3423 935 3492 θέσκελον
956 3417 1045 3516 ἦμαρ
1068 3425 1171 3494 έκεῖνο

382 3525 546 3612 ζωοτόκου
569 3533 731 3616 Χριστοῖο
754 3526 921 3616 γενέθλιον
942 3518 1032 3616 ἦμαρ
1055 3525 1199 3596 ἱκέσθαι.

225 3637 277 3702 De
300 3635 478 3700 luminibus
502 3656 566 3698 non
590 3655 675 3714 cera,
700 3633 758 3698 sed
781 3637 917 3718 argento
940 3633 1050 3698 factis:

248 3741 445 3824 11331sq.:
477 3731 709 3824 πυρσοφόρους
732 3730 904 3825 στήσαντο,
927 3733 1090 3823 λιπανγέα
1113 3731 1241 3802 όείκελα
1263 3737 1363 3824 κηροῦ

477 3835 601 3924 κόσμον
623 3833 869 3926 ἀπαγγέλλοντα
891 3837 948 3904 καὶ
971 3832 1009 3905 οὐ
1032 3833 1142 3927 φόος·

304 3949 366 4011 334
384 3969 449 4032 sq.:
893 3935 1087 4030 ἀπυρσεότην
1111 3941 1140 4007 δ’
1164 3937 1314 4030 ἀμαρυγῇ

315 4121 335 4186 ¹)
354 4115 534 4172 Paulssenius
557 4113 772 4184 descriptionem
796 4114 879 4168 Pauli
905 4130 939 4168 ex
962 4113 1024 4184 ipso
1048 4114 1142 4170 codiee
1160 4114 1291 4170 Palatino
1315 4131 1362 4169 ex-

226 4205 338 4275 scripsit
350 4221 440 4274 neque
455 4220 520 4258 vero
533 4217 666 4270 umquam
679 4202 731 4254 hoc
744 4201 888 4271 exemplar
901 4199 999 4255 edidit.
1018 4201 1051 4256 cf.
1069 4201 1146 4255 illius
1158 4202 1360 4272 praefationem

227 4291 370 4346 collationi
394 4291 630 4362 epigrammatum
654 4287 835 4356 praemissam
859 4287 934 4357 apud
957 4287 1114 4342 Iacobsium
1138 4289 1225 4344 Anth.
1242 4289 1301 4343 Pal.
1320 4289 1362 4343 ΙΙΙ

226 4377 344 4450 adpend.
363 4397 391 4448 p.
403 4378 464 4432 VII.
483 4407 516 4416 -
535 4377 567 4432 of.
588 4374 674 4430 stiam
693 4375 901 4430 Volkmannum
919 4391 1016 4430 comm.
1035 4374 1105 4444 epic.
1123 4393 1150 4446 p.
1163 4377 1205 4432 34.
