3224 4946
670 292 902 355 -106-

326 436 420 513 cirili
441 440 678 534 irascerisne
699 443 829 533 τελέθει
848 438 974 531 βροτός,
998 436 1035 512 ὅν
1057 437 1097 509 σὺ
1119 436 1256 533 νοήσεις.
1284 515 1287 522 ‚

221 549 287 645 Sed
315 557 352 615 111
382 550 432 614 his
462 550 503 615 de
530 551 611 614 loeis
640 550 762 636 aliquid
787 550 867 614 certi
891 549 1061 619 adfirmare
1085 549 1267 634 periculum
1291 566 1356 610 uon

220 655 347 738 faciam,
370 655 415 718 ita
430 655 532 718 multo
548 655 706 718 minorem
722 654 787 717 vim
804 653 876 716 aliis
887 652 967 717 locis
982 653 1101 734 tribuo,
1117 651 1220 716 veluti
1234 649 1356 714 Damo-

220 757 308 823 char.
325 779 376 842 ep.
395 756 443 846 Vl
459 759 511 837 63,
529 760 563 820 7:
592 753 735 834 πλατέος
748 755 888 841 γλωχῖνα
907 748 1052 843 σιδήρου.
1089 753 1138 820 of.
1151 753 1245 818 Pauli
1257 774 1285 816 a.
1299 755 1355 830 94:

380 853 517 924 ὁππόθι
541 853 772 944 δαιδολοεργὸς
795 850 875 946 ἀνὴρ
897 858 1027 944 proxim
1050 846 1196 944 σιδήροο

223 961 308 1026 Nam
332 962 516 1048 persimiles
535 983 648 1026 versus
664 961 831 1026 clausulae
855 961 955 1024 etiam
977 960 1064 1045 apud
1085 961 1167 1023 alios
1184 960 1357 1044 scriptores

228 1051 420 1136 οοο111111111;
389 1063 496 1129 tel
527 1061 954 1148 Νο1111.1,193;γλιοχῖνι
982 1057 1150 1148 κεραίης
1144 1069 1177 1125 et
1210 1065 1256 1142 12,
1271 1063 1356 1184 331;

225 1163 455 1251 πεδοσκαφέος
477 1163 514 1230 δὲ
536 1161 671 1253 σιδήρου
693 1162 838 1252 θηγολέῃ
861 1164 1002 1251 γλωχῖνι.
1157 1178 1161 1184 ’

687 1375 892 1382 ———---—--

313 1567 378 1632 Sed
400 1569 464 1633 iam
488 1567 528 1632 ad
545 1557 650 1632 ¹finem
673 1567 822 1654 perduxi,
846 1588 930 1654 quae
954 1567 1092 1632 dicenda
1109 1547 1212 1634 lrabui
1235 1568 1360 1633 dehoc

228 1677 328 1772 poeta
344 1668 537 1756 Byzantino.
583 1668 707 1744 Quibus
731 1692 833 1736 noras
857 1671 1013 1756 quasdam
1038 1673 1071 1736 in
1094 1692 1167 1736 eum
1181 1689 1360 1760 congerere

187 1833 188 1836 ,
223 1761 368 1837 laudes
360 1795 431 1859 ipse
455 1795 516 1838 neo
536 1775 641 1838 volui
648 1795 709 1838 neo
733 1774 829 1840 valui.
874 1774 998 1866 Verum
1023 1798 1050 1839 ει
1043 1776 1177 1860 'aliqua
1200 1795 1242 1838 ex
1266 1779 1359 1860 parte

68 1866 81 1879 ”
185 1965 186 1968 ¹
225 1877 302 1940 mihi
317 1877 501 1961 contigerit,
518 1877 578 1940 111
570 1878 710 1961 imagine
723 1878 935 1962 paulomagis
953 1880 1112 1972 expressa
1124 1882 1255 1964 poetam
1268 1877 1358 1940 illum

224 1979 398 2044 admodum
424 1980 602 2064 ignotum
593 2001 630 2048 m
648 1981 754 2046 lucem
780 2002 943 2062 vocarem,
967 1982 1085 2074 aliquid
1103 1979 1358 2045 assecutusesse

225 2084 303 2146 mihi
327 2082 473 2148 videbor
572 2093 574 2097 '
