3224 4946
720 306 931 368 ..68-

256 482 292 540 ut
314 482 405 540 muta
421 497 495 540 cum
510 475 633 561 liquida
649 477 731 540 sicut
744 477 829 540 intra
845 477 946 541 verba
969 477 1042 562 ipsa
1057 475 1308 540 antecedentem
1325 475 1390 560 syl-

256 581 365 645 labam
389 580 569 666 producant
592 601 729 644 necesse
754 581 826 646 sit.“
872 579 968 644 Hanc
993 580 1194 665 opinionem,
1219 579 1270 642 cui
1293 579 1391 642 etiam

256 683 420 747 Ruachius
434 690 467 748 et
478 683 688 748 Ludwichius
701 683 950 769 adstipulantur,
966 683 1007 746 ad
1024 683 1118 746 Pauli
1134 703 1263 767 quoque
1288 688 1391 745 artem

256 789 428 850 metricam
450 788 614 872 pertinere
639 794 797 872 expertus
821 809 902 852 sum.

343 891 428 954 Nam
458 892 485 954 si
514 891 655 977 primum
677 891 807 976 quidem
830 890 1017 955 huiusmodi
1040 890 1284 977 productiones,
1308 912 1391 976 quae

343 1048 382 1112 A.
418 1049 455 1110 in
468 1047 659 1132 confiniis
675 1049 906 1112 vocabulorum
924 1053 1008 1129 sunt,
1023 1049 1291 1134 contemplamur,
1305 1048 1391 1112 Pau·

256 1153 323 1214 lum
345 1172 401 1214 eas
426 1149 615 1214 adhibuisse
639 1150 787 1215 videmus

344 1293 373 1338 a.
405 1271 439 1334 in
471 1272 554 1335 arsi
585 1273 779 1356 saepissime
810 1273 902 1358 pedis
925 1273 984 1340 IV.
1009 1273 1090 1360 (26),
1114 1274 1218 1337 rarius
1242 1271 1287 1337 ΙΙ.
1312 1271 1392 1355 (13),

260 1377 360 1440 semel
378 1375 419 1440 V.
444 1413 482 1423 —
515 1375 560 1440 Ut
583 1378 852 1462 epigrammatum
876 1400 971 1442 usum
995 1379 1122 1459 addam,
1146 1378 1230 1443 hanc
1253 1375 1393 1462 produc·

256 1481 379 1544 tionem
411 1481 522 1544 inveni
553 1481 586 1543 in
615 1482 680 1544 arsi
710 1481 755 1545 Π.
784 1481 870 1566 (13),
900 1483 959 1546 IV.
984 1483 996 1566 (
1019 1485 1047 1567 ),
1079 1482 1105 1546 Ι.
1131 1481 1195 1566 (4),
1218 1479 1259 1546 V.
1275 1479 1393 1566 (1).-

257 1584 487 1668 Trisyllaha
510 1583 633 1648 formae
658 1619 676 1634 ν
694 1620 712 1634 v
730 1599 749 1634 Ξ
773 1587 823 1650 bis
847 1587 879 1649 in
901 1586 1122 1671 descriptione
1147 1584 1195 1668 (ΙΙ
1214 1586 1287 1646 245.
1306 1582 1392 1666 272),
1459 1623 1472 1646 .
1593 1625 1594 1644 i

258 1688 388 1773 saepius
419 1687 453 1750 in
476 1688 515 1751 A.
540 1687 577 1753 P.
601 1689 844 1773 epigrammatis
876 1690 1023 1753 ultimam
1048 1690 1094 1753 sic
1117 1687 1310 1774 producunt.
1354 1685 1394 1748 In

258 1789 372 1873 quinta
388 1790 573 1854 hexametri
595 1791 671 1872 arsi,
689 1811 884 1876 quamquam
902 1813 942 1856 ea
965 1793 1026 1856 hac
1043 1791 1258 1878 productione
1274 1809 1393 1853 vacare

259 1893 352 1973 solet,
376 1899 485 1957 tamen
504 1892 641 1957 eandem
659 1895 761 1958 semel
783 1895 816 1957 in
832 1895 1050 1982 descriptione
1069 1895 1117 1980 (ΙΙ
1133 1897 1209 1978 529)
1234 1901 1267 1958 et
1291 1893 1394 1956 semel

257 1997 290 2058 in
308 1996 553 2080 epigrammatis
573 1997 618 2081 (V
635 1999 707 2078 234,
725 1996 759 2077 3)
784 1997 908 2062 eisdem
932 1998 1207 2084 deprehendimus
1229 1998 1262 2060 in
1286 1995 1394 2060 verbis

258 2091 291 2182 (d
314 2094 407 2184 πρίν)
439 2105 536 2184 atque
566 2100 598 2162 in
628 2099 754 2164 duobus
785 2100 989 2166 Christodori
1022 2101 1169 2165 versibus
1193 2101 1258 2185 (24.
1282 2096 1339 2183 97)
1363 2104 1395 2162 et

250 2195 290 2266 'in
313 2223 377 2266 uno
401 2203 504 2288 ipsius
520 2203 628 2266 Nonni
652 2202 718 2288 (34,
736 2207 776 2268 56
799 2199 838 2270 τὸ
855 2201 966 2292 πρίν);
990 2211 1061 2268 arta
1077 2205 1303 2269 coniunctione
1325 2223 1394 2266 rno-

258 2306 503 2390 nosyllaborum
533 2307 594 2370 hoc
624 2307 702 2370 satis
726 2309 877 2372 excusari
902 2307 1136 2373 Scheindlerus
1161 2305 1393 2392 comprobavit.

258 2407 425 2492 (Zeitscbr.
448 2408 472 2490 f.
496 2413 522 2472 ὅ.
549 2409 588 2474 G.
615 2411 707 2490 1879,
731 2432 763 2494 p.
780 2409 867 2496 428).

346 2531 454 2596 Maior
487 2553 563 2616 pars
599 2537 782 2596 ceterarum
814 2531 1064 2617 productionum
1098 2531 1392 2617 praepositionibus

259 2641 329 2696 arte
344 2635 492 2719 sequenti
506 2635 708 2698 substantivo
722 2635 875 2719 adligatis
889 2634 1028 2698 afficitur
1041 2633 1095 2719 (cf.
1106 2633 1173 2698 156
1187 2631 1245 2699 ἐπὶ
1257 2629 1393 2719 χρόνον).

197 2771 199 2774 ·
259 2735 402 2822 Reliqua
425 2742 535 2802 autern
551 2738 664 2817 verba,
689 2738 816 2802 etiamsi
840 2759 913 2802 cum
936 2740 1087 2823 sequenti
1107 2739 1265 2803 vocabulo
1289 2740 1395 2804 minus

259 2847 328 2904 arte
353 2841 539 2922 cohaerent,
563 2863 660 2927 quarn
678 2841 908 2906 Schcindlcrus
932 2843 1100 2927 postulare
1124 2843 1261 2926 videtur,
1284 2849 1395 2906 tamen

258 2967 322 3008 uno
348 2951 485 3030 excepto
509 2966 607 3009 versu
627 2944 644 3007 I
661 2927 747 3010 272⁹ss

379 3097 381 3102 -
404 3043 536 3134 ὑψόθεν
558 3040 755 3114 ἀντέλλουσα
776 3044 849 3132 μία,
872 3051 1037 3134 τρισσοῖσι
1061 3047 1097 3114 δὲ
1118 3043 1258 3128 κόλποις

463 3149 577 3238 νέρθεν
599 3149 826 3236 ἕπεμβεβανῖα

259 3276 390 3341 semper
422 3276 521 3319 sensu
550 3255 705 3340 proximis
729 3255 859 3319 adnexa
890 3261 974 3322 sunt.
1021 3253 1115 3328 Quod
1139 3276 1212 3320 cum
1236 3255 1335 3318 etiam
1359 3257 1391 3320 in

258 3357 366 3422 Nonni
392 3357 554 3442 exemplis
578 3379 598 3420 a
622 3356 835 3422 Scheindlero
859 3359 1056 3422 enumeratis
1074 3358 1275 3438 observetur,
1301 3359 1393 3442 cqui-

164 3485 166 3489 ·
258 3461 332 3525 dem
363 3481 427 3524 non
454 3467 521 3524 tam
549 3460 745 3524 artissimam
768 3461 914 3545 ipsorum
938 3459 1077 3524 duorum
1099 3461 1271 3525 verborum
1296 3461 1392 3526 soda-

257 3566 400 3645 litatem,
431 3571 467 3627 ut
494 3565 540 3626 ita
568 3563 690 3642 dicam,
719 3584 816 3648 quam
847 3568 952 3627 totum
977 3585 1138 3627 conexum
1161 3566 1394 3629 vocabulorum

141 3660 143 3664 ¹
259 3675 291 3732 et
314 3689 412 3731 sensu
441 3668 527 3730 inter
558 3687 593 3730 se
618 3665 866 3730 cohaerentium
890 3674 923 3730 et
945 3667 1042 3730 tertia
1065 3687 1203 3730 caesura
1227 3667 1268 3730 ab
1292 3668 1394 3732 altero

232 3771 462 3835 'hemistichio
487 3770 708 3834 seiunctorum
733 3768 957 3833 condicionem
981 3770 1165 3834 existimem
1190 3769 1395 3834 adhibendae

257 3873 354 3938 huius
377 3873 607 3959 productionis.

345 3994 449 4059 Multo
477 3999 587 4058 autem
615 3994 718 4057 rarius
739 3993 883 4078 syllabas
906 3995 1021 4060 finales
1048 4016 1090 4058 m.
1116 4001 1149 4058 et
1169 3995 1191 4057 l.
1219 3993 1394 4078 productas

258 4096 405 4161 videmus

343 4201 374 4264 b.
391 4201 429 4263 in
452 4199 569 4264 thesi.
618 4199 703 4264 Nam
724 4205 761 4262 ut
787 4220 829 4263 cx
847 4204 916 4262 toto
937 4199 1046 4264 Nonni
1067 4199 1208 4262 carmine
1230 4219 1292 4260 non
1319 4201 1393 4284 plus

258 4323 355 4387 quam
379 4324 438 4366 sex
460 4305 523 4367 loci
542 4305 574 4378 (4
591 4304 624 4368 in
639 4303 724 4389 pede
740 4301 801 4388 ΙΙ.)
818 4304 965 4387 congesti
982 4308 1057 4366 sunt
1079 4301 1113 4386 (a
1128 4301 1319 4365 Ludwichio
1336 4303 1356 4366 l.
1373 4303 1393 4366 l.

257 4428 287 4490 p.
315 4408 353 4468 12
382 4413 414 4470 ct
437 4428 455 4470 a
480 4406 695 4470 Scheindlero
719 4428 771 4491 qu.
795 4405 902 4480 Nona.
926 4407 953 4485 I,
977 4428 1007 4492 p.
1027 4405 1092 4485 20),
1116 4405 1161 4468 ila
1185 4404 1307 4468 Paulus
1331 4405 1393 4468 tria
