3252 4954
790 648 833 711 Il.

463 845 523 929 oe'
538 862 643 928 rann
667 860 871 930 silentiam
894 865 974 929 arte
998 864 1160 930 metrica.

330 1047 535 1112 Godofredus
559 1046 780 1128 Hermannus,
803 1048 852 1110 vir
874 1049 928 1111 ille
952 1041 1202 1132 μετρικώτατος,
1226 1049 1258 1110 in
1282 1070 1377 1133 prae-

244 1150 422 1213 clarissimo
455 1150 509 1212 illo
537 1150 635 1230 libro,
670 1151 724 1235 qui
755 1150 898 1236 Orphica
929 1151 1132 1231 inscribitur,
1168 1173 1241 1214 cum
1275 1151 1377 1216 hexa-

243 1258 382 1316 metrum
408 1253 478 1316 aliis
503 1254 703 1340 temporibus
729 1255 823 1318 aliter
843 1256 1017 1319 formatum
1041 1275 1115 1318 esse
1132 1254 1377 1336 demonstraret,

244 1359 335 1442 quasi
365 1357 534 1420 historiam
566 1357 686 1422 evolvit
710 1380 823 1422 versus
847 1359 971 1422 heroici
995 1359 1041 1442 (p.
1058 1359 1119 1421 687
1137 1358 1231 1442 sqq.)
1278 1357 1377 1421 Cuius

242 1481 357 1525 versus
381 1481 464 1544 quae
488 1460 637 1546 propriae
662 1462 726 1524 sint
740 1462 893 1526 licentiae
919 1467 951 1526 et
975 1483 1071 1547 quam
1095 1461 1184 1526 varie
1204 1461 1280 1525 illae
1303 1461 1377 1524 inde

243 1565 283 1628 ab
313 1565 459 1628 Homero
492 1585 595 1649 usque
628 1565 670 1628 ad
704 1571 886 1650 postremos
915 1573 1030 1651 poetas
1058 1567 1168 1651 epicos
1200 1571 1377 1650 usurpatae

243 1669 317 1749 sint,
341 1668 497 1740 ostendit;
522 1688 581 1732 nec
595 1669 700 1733 minus
718 1671 849 1756 copiose
867 1670 1012 1756 disputat
1035 1670 1075 1734 de
1098 1670 1232 1754 singulis
1249 1668 1377 1752 legibus

243 1771 352 1834 Nonni
383 1773 518 1857 eiusque
551 1773 799 1858 discipulorum,
832 1774 866 1836 in
898 1795 1033 1858 quorum
1057 1795 1191 1838 numero
1216 1774 1377 1858 epigram-

241 1877 379 1940 maticos
413 1877 552 1940 Paulum
587 1877 825 1950 silentiarium,
860 1878 1047 1958 Leontium,
1082 1877 1311 1941 Macedonium
1345 1883 1378 1939 et

243 1978 424 2057 Musaeum,
449 1979 711 2063 Triphiodorum,
729 1979 922 2060 Colluthum,
940 1981 1197 2055 Olrristodorum,
1221 1979 1377 2044 Ioannem

243 2082 428 2163 Gazaeum,
463 2083 688 2167 Apollinarem
723 2085 831 2148 habet.
886 2085 969 2148 Nam
1001 2086 1041 2149 de
1066 2107 1275 2149 caesurarum
1305 2107 1377 2164 usu,

242 2189 282 2252 de
307 2188 512 2272 correptione
538 2187 647 2268 attica,
673 2188 712 2252 de
738 2189 884 2269 elisione,
909 2189 949 2252 de
973 2189 1075 2263 hiatu,
1100 2188 1141 2252 de
1164 2188 1377 2273 productione

245 2291 390 2356 brevium
415 2291 613 2376 syllabarum
637 2291 769 2356 disserit
793 2313 897 2377 eaque
922 2292 962 2355 de
985 2314 1033 2374 re,
1057 2291 1216 2376 quomodo
1239 2292 1377 2356 Nonnus

242 2417 281 2460 ea
309 2401 365 2458 aut
396 2393 525 2458 omnino
557 2394 709 2459 vitaverit
736 2403 792 2459 aut
821 2417 892 2459 raro
923 2402 1048 2459 tantum
1076 2395 1237 2480 certisque
1265 2395 1376 2459 condi-

242 2500 391 2564 cionibus
414 2498 608 2565 adhibuerit.
655 2501 726 2564 Has
751 2501 933 2564 Hermanni
956 2501 1215 2580 observationes,
1242 2521 1377 2585 quarum

242 2603 327 2688 quod
351 2605 525 2668 nonnullae
549 2605 657 2668 minus
682 2605 856 2690 diligenter
881 2606 1050 2690 expositae
1075 2606 1152 2684 sint,
1176 2625 1270 2667 nemo
1293 2606 1376 2668 vitu-

241 2707 381 2791 perabit,
406 2709 459 2792 qui
482 2708 543 2770 hoc
560 2729 659 2793 opere
676 2710 814 2793 primum
839 2709 879 2772 de
903 2709 953 2772 his
971 2709 1069 2772 rebus
1093 2709 1146 2794 agi
1161 2730 1271 2772 secum
1289 2729 1376 2778 com-

242 2813 415 2895 putaverit,
434 2807 496 2876 ¹alii
511 2814 574 2876 viri
591 2814 676 2878 docti
700 2815 819 2899 partim
843 2814 883 2878 ad
905 2816 1001 2878 finem
1018 2815 1243 2899 perduxerunt
1259 2813 1376 2898 partim

241 2915 336 2978 valde
353 2917 643 3002 amplificaverunt.
678 2918 770 2981 Inter
783 2939 861 3002 quos
877 2919 1035 2982 Lehrsius
1048 2918 1084 3000 ¹),
1101 2918 1327 2981 Volkmannus
1340 2915 1377 2999 ²),

242 3019 452 3105 Tiedkius3),
483 3018 710 3106 Hilbergius4)
740 3021 795 3084 alii
826 3023 931 3084 locum
965 3021 1130 3087 obtinent:
1158 3042 1236 3104 prae
1261 3020 1377 3083 ceteris

241 3129 350 3186 autern
375 3124 583 3188 Ludwiehius
597 3124 633 3209 ⁵),
658 3125 706 3187 vir
728 3123 836 3187 Nonni
859 3124 1086 3208 peritissimus,
1111 3123 1292 3186 laudandus
1317 3131 1376 3188 est.

243 3265 282 3274 —-
309 3227 373 3292 Sed
398 3228 437 3292 de
463 3234 659 3293 sectatorum
685 3249 813 3313 quoque
838 3234 907 3292 arte
931 3229 1068 3291 metrica
1089 3228 1236 3311 singulae
1256 3227 1374 3290 disscr-
1465 3294 1468 3298 ,

241 3331 380 3396 tationes
408 3333 549 3418 scriptae
576 3339 663 3408 sunt,
691 3339 727 3395 ut
750 3332 1009 3418 praetermittam
1033 3352 1088 3394 eas
1117 3331 1375 3408 observationes,

242 3457 324 3519 quae
349 3437 579 3501 demonstratis
604 3437 730 3521 legibus
754 3437 933 3501 Nonnianis
958 3457 977 3500 a
999 3437 1077 3500 viris
1100 3435 1200 3499 doctis
1228 3435 1375 3498 adnexae

330 3645 349 3710 ¹)
369 3643 498 3696 Lehrsius
519 3643 705 3712 ‘quaestiones
724 3643 836 3712 epicae'.
856 3643 1030 3711 Regimontii
1049 3644 1139 3696 Pruss.
1159 3642 1234 3707 1837,
1253 3641 1317 3694 diss.
1329 3641 1376 3694 IV.

328 3750 349 3814 ²)
368 3747 629 3802 RicVollnnannus
644 3749 902 3803 ‘commentationes
913 3748 1025 3818 epicae'.
1045 3745 1240 3816 Lipsiae1854,
1251 3745 1375 3798 comml.

330 3853 350 3918 ³)
371 3850 505 3904 Tiedkius
525 3855 553 3905 et
571 3852 600 3904 in
624 3853 821 3906 dissertatione
841 3852 974 3920 (Berolini
997 3852 1074 3917 1873)
1094 3852 1122 3904 et
1140 3849 1170 3902 in
1188 3846 1376 3916 compluribus

240 3935 358 3990 Hermae
377 3938 659 3992 commentationibus
677 3939 754 4008 (tom.
773 3939 848 3993 XIII.
868 3938 943 4006 XIV)
963 3937 997 3990 de
1015 3938 1116 3990 Nonne
1135 3934 1271 4004 exposuit.

328 4045 348 4109 ⁴)
368 4041 530 4112 Hilbergius
549 4043 610 4097 Dos
628 4044 742 4112 Prtoca'p
759 4043 805 4096 der
823 4043 1033 4112 Silbeacortpocp.
1075 4041 1155 4094 Wiea
1174 4045 1244 4094 1873.

328 4149 347 4214 ⁵)
367 4147 447 4202 Arth.
462 4147 640 4201 Ludwichius
654 4149 779 4218 Bettrrtpc
790 4163 840 4201 aar
851 4146 945 4202 Kritilt
962 4146 1006 4200 des
1018 4145 1139 4199 Nocens
1155 4161 1207 4197 oco
1220 4142 1375 4210 Panopolis.

238 4235 481 4303 Kdorpsber91873.
520 4236 655 4304 Propa—
671 4236 762 4290 Jahrb.
776 4236 797 4302 f.
810 4235 880 4289 Pln'l.
900 4235 970 4288 01X
981 4253 1007 4304 p.
1019 4234 1068 4287 441
1082 4233 1109 4285 ff.
1124 4235 1174 4286 etc.
1211 4231 1289 4284 Adde
1302 4230 1375 4284 Guil.

237 4321 344 4390 Meyeri
372 4322 595 4376 dissertationem
620 4322 776 4389 (Sita-Ber.
798 4321 844 4374 der
866 4321 939 4391 bayr.
966 4320 1013 4373 Ac.
1031 4319 1057 4374 d.
1077 4319 1119 4373 W.
1134 4319 1274 4386 plat-laist.
1289 4315 1377 4370 Classe

239 4408 313 4461 1884.
333 4407 359 4462 S.
372 4409 423 4462 979
432 4407 479 4476 ff.).
