3252 4954
750 332 954 391 ..12-

283 501 434 586 exemplo
459 502 689 586 comprobatur
701 501 736 585 ¹).
761 541 801 548 —
830 505 908 565 236:
932 501 1061 565 Tantali
1092 503 1252 566 cruciatus
1275 503 1417 567 minores

282 609 366 684 sunt,
398 626 495 688 quam
518 605 634 688 quibus
659 610 756 690 poeta
789 628 902 670 amans
937 609 1114 690 torquetur.
1145 644 1186 652 -
1220 610 1297 670 262:
1336 629 1417 670 auus

284 729 358 771 cum
374 708 466 793 Argo
483 709 618 772 custode
636 715 849 795 comparatur.
868 747 908 758 -
933 711 1010 772 286:
1029 715 1127 794 poeta
1144 716 1287 789 catenas,
1304 711 1417 794 quales

284 811 451 876 Vulcanus
475 813 574 876 Marti
602 813 791 894 fabricavit,
820 814 971 878 lubenter
999 835 1034 877 se
1063 835 1236 898 passurum
1261 836 1335 879 esse
1360 814 1417 878 ad-

282 916 399 980 firmat.
426 953 463 962 —
491 919 569 981 288:
592 922 691 1002 poeta
720 938 838 981 corona
868 939 887 981 a
916 917 1026 1003 puella
1054 917 1174 982 donata
1197 919 1311 999 uritur,
1336 919 1419 982 sicut

283 1019 361 1082 olim
385 1019 557 1102 Glauce2).
583 1056 620 1065 —
646 1022 724 1084 293:
755 1020 785 1082 Α
808 1020 960 1086 Leandro
989 1022 1177 1105 exemplum
1205 1021 1273 1085 veri
1297 1021 1418 1085 amoris

282 1123 367 1206 petit
388 1128 497 1208 poeta.

371 1225 465 1290 Aliae
498 1227 680 1292 sententiae
706 1227 867 1309 oratioue,
891 1247 974 1310 quae
998 1226 1031 1289 in
1054 1225 1149 1290 Pauli
1174 1227 1418 1312 epigrammatis

285 1331 414 1395 obviam
437 1331 531 1394 nohis
555 1331 646 1410 fiunt,
670 1335 761 1394 tanta
785 1335 861 1394 sunt
884 1329 970 1415 apud
993 1351 1105 1394 omnes
1122 1337 1236 1414 poetas
1255 1332 1418 1416 elegiacos

286 1435 485 1519 frequentia,
513 1439 548 1498 ut
576 1440 666 1499 certa
696 1434 848 1519 exempla
883 1454 1065 1519 proponere
1096 1433 1190 1498 valde
1222 1456 1419 1520 supervaca-

285 1561 385 1604 neum
408 1561 477 1604 esse
502 1541 648 1606 arbitrer.
694 1539 739 1603 Ut
760 1545 885 1602 ceteras
901 1537 1084 1602 huiusmodi
1101 1540 1279 1604 sententias
1302 1541 1419 1604 missas

283 1643 402 1708 faciam
431 1644 491 1708 has
524 1645 554 1707 in
587 1649 763 1728 conspectu
792 1663 921 1728 ponam.
967 1641 1144 1706 Oculorum
1178 1644 1273 1728 culpa
1300 1645 1417 1728 flagrat

286 1754 383 1832 poeta
417 1768 537 1812 amore.
567 1747 598 1810 V
622 1747 732 1832 226³).
756 1746 956 1810 -Frustra
984 1751 1110 1810 amator
1132 1747 1276 1832 puellam
1305 1747 1419 1832 fugere

285 1851 420 1917 studuit.
448 1851 480 1916 V
497 1855 569 1915 241.
594 1855 665 1916 254.
683 1854 755 1932 256,
773 1850 837 1936 54).
855 1849 991 1914 —Eius
1009 1851 1163 1935 superbia
1178 1853 1281 1936 magis
1298 1853 1419 1937 magis-

289 1975 351 2038 que
375 1955 602 2022 inflammatur.
626 1956 742 2021 V256.
759 1992 800 2002 —
826 1953 1039 2039 Quocumque
1061 1955 1286 2038 proficiscatur
1301 1957 1419 2040 puella,

289 2079 324 2122 se
342 2080 471 2144 semper
492 2081 564 2123 eam
586 2065 834 2144 prosecuturum
853 2079 926 2122 esse
942 2064 1041 2143 poeta
1057 2058 1152 2121 iurat.
1182 2057 1213 2121 V
1234 2060 1332 2142 301⁵)
1359 2067 1418 2126 etc.

373 2161 504 2242 Restat,
543 2168 579 2226 ut
612 2162 652 2228 de
689 2163 800 2248 paucis
839 2162 1081 2248 epigrammatis
1123 2163 1290 2226 amatoriis
1326 2162 1421 2227 Pauli

285 2265 459 2347 disseram,
483 2287 567 2351 quae
590 2267 734 2330 nativam
758 2264 920 2349 quandam
945 2264 1088 2349 speciem
1112 2264 1235 2329 habere
1259 2265 1419 2330 videntur.

286 2369 492 2452 Quamquam
519 2369 581 2432 hac
612 2370 644 2432 in
674 2389 709 2433 re
738 2368 868 2431 difficile
902 2373 952 2430 est
980 2367 1140 2448 iudicatu,
1174 2375 1207 2432 et
1236 2376 1420 2455 propterea,

286 2459 372 2557 quod
396 2473 496 2535 totius
519 2479 667 2536 veterum
695 2472 804 2557 poesis
827 2477 860 2534 et
883 2471 1051 2554 elegiacae
1076 2477 1109 2534 et
1134 2471 1421 2557 epigrammaticae

286 2577 426 2640 frustula
454 2582 581 2640 tantum
611 2576 706 2638 nobis
737 2579 930 2639 conservata
955 2580 1044 2654 sunt,
1069 2580 1101 2638 et
1125 2575 1210 2658 quod
1233 2577 1330 2640 iudici
1353 2598 1420 2640 om-

286 2680 376 2742 nium
388 2680 501 2744 talium
515 2681 694 2742 carminum
709 2679 910 2764 amplissima
924 2678 1062 2742 scientia
1076 2677 1117 2741 sit
1129 2687 1265 2763 oportet.
1296 2680 1421 2745 Horum

287 2789 397 2848 autem
410 2784 680 2868 epigrammatum
693 2783 846 2868 exempla
855 2781 942 2867 apud
952 2787 1078 2846 veteres
1087 2783 1234 2848 invenire
1246 2806 1310 2848 non
1318 2787 1421 2870 potui.

374 2887 498 2952 Vnus:
543 2887 594 2950 De
626 2888 722 2950 trium
744 2887 926 2972 puellarum
958 2886 1076 2950 osculis
1100 2892 1198 2972 poeta
1220 2887 1422 2953 iudicaturus

291 2996 351 3054 est.
397 2989 511 3075 Longe
536 2997 633 3076 atque
658 3011 776 3054 sonore
794 2988 934 3054 Galatea
949 2989 1124 3070 osculatur,
1148 2989 1291 3054 molliter
1305 2989 1422 3069 Deme,

289 3092 387 3157 Doris
408 3099 518 3157 autem
532 3093 670 3158 mordet.
718 3092 769 3156 Ne
786 3113 882 3156 aures
898 3091 1022 3156 iudices
1039 3093 1113 3156 sint.
1159 3092 1277 3156 Tribus
1294 3093 1424 3158 demum

290 3197 474 3260 osculorum
491 3197 665 3280 generibus
682 3197 823 3280 gustatis
834 3196 860 3280 6)
885 3201 984 3280 poeta
1000 3196 1196 3259 sententiam
1213 3217 1246 3259 se
1262 3196 1423 3262 dicturum

377 3352 397 3417 ¹)
419 3350 509 3415 Quam
532 3349 702 3404 sententiam
728 3349 783 3402 iam
807 3347 950 3403 Iacobsius
978 3349 1152 3418 comparavit
1179 3367 1241 3404 cum
1264 3351 1375 3405 Horatii
1400 3370 1422 3406 c.

287 3437 336 3500 III,
351 3439 392 3492 16.
427 3437 532 3491 Eadem
551 3438 647 3492 eodem
674 3437 800 3506 exemplo
824 3437 983 3490 illustratur
1007 3437 1043 3490 ab
1062 3437 1212 3506 Antipatro
1231 3439 1325 3494 Thess.
1344 3440 1423 3505 V31,

287 3542 303 3578 a
323 3525 508 3579 Parmenione
526 3527 568 3580 33.
581 3527 623 3580 34.
643 3526 676 3580 cf.
695 3524 793 3594 Antip.
811 3523 906 3578 Thess.
926 3524 950 3577 V
962 3525 996 3577 30
1015 3526 1043 3578 et
1060 3525 1167 3580 Maced.
1185 3527 1244 3580 240.

376 3614 397 3679 ²)
417 3612 509 3681 Ipsam
533 3612 605 3665 hano
629 3611 866 3680 comparationem
891 3627 924 3664 ex
951 3611 1104 3664 vetustime
1121 3611 1199 3666 fonte
1218 3613 1347 3667 haustam
1367 3631 1424 3668 esse

291 3696 456 3751 Philostrati
479 3697 560 3766 epist.
579 3699 613 3751 38
640 3697 682 3766 [21
698 3696 837 3766 Hercher.]
862 3695 1081 3762 demonstratur,
1100 3714 1184 3764 quam
1202 3697 1308 3766 primus
1326 3699 1425 3753 attulit

287 3784 427 3838 Iacobsius
448 3783 532 3854 (apud
543 3783 663 3838 Brunck.
674 3785 741 3837 tom.
751 3782 799 3846 XI,
810 3800 837 3850 p.
846 3783 915 3847 139),
929 3781 1007 3834 cuius
1021 3781 1299 3838 adnotationibus'ad
1312 3786 1424 3840 Anthol.

288 3871 398 3940 scriptis
418 3889 502 3939 quam
520 3871 640 3924 multum
659 3869 802 3932 debeatur,
822 3884 930 3937 semper
947 3870 1029 3937 grato
1048 3869 1142 3923 animo
1162 3871 1333 3924 confitemur.

376 3960 396 4025 ³)
417 3958 455 4012 of.
481 3957 654 4028 epigramma
683 3956 803 4010 latinum
828 3954 968 4024 Pompeiis
995 3955 1140 4010 inventum
1165 3960 1193 4011 ct
1216 3976 1233 4011 a
1256 3959 1425 4014 Buechelero

289 4043 395 4096 editum
416 4045 496 4112 (Mus.
514 4045 566 4098 Rh.
587 4043 740 4108 XXXVIII,
759 4061 786 4112 p.
804 4042 867 4110 474)
887 4044 916 4095 et
934 4042 1015 4112 Prop.
1035 4043 1075 4096 III
1088 4045 1112 4108 7,
1126 4045 1167 4099 12.

377 4132 397 4197 ⁴)
418 4131 455 4184 Cf.
475 4131 628 4186 Philodem.
649 4147 690 4199 ep.
709 4130 751 4184 24.
770 4128 870 4183 blaseii
890 4130 947 4182 133.
983 4129 1044 4184 Tib.
1064 4131 1091 4184 II
1106 4133 1130 4200 6,
1145 4131 1176 4184 13
1195 4150 1234 4200 sq.

377 4218 398 4282 ⁵)
418 4217 458 4272 Of.
479 4219 560 4288 Prop.
580 4219 620 4271 III
632 4219 674 4282 22,
687 4218 711 4272 9.
729 4218 771 4272 28.

377 4305 396 4371 ⁸)
416 4303 559 4358 Persuasit
589 4303 658 4357 mihi
687 4303 877 4368 Ludwichius‚
907 4304 956 4372 qui
978 4304 1008 4357 in
1026 4306 1096 4359 Mus.
1120 4305 1209 4358 Rhen.
1234 4296 1304 4368 XLI,
1324 4323 1350 4373 p.
1374 4305 1426 4359 595

289 4389 397 4444 Iteiskii
422 4391 610 4445 coniecturam
634 4391 805 4462 τριχθαδίων
827 4408 877 4460 pro
903 4393 1061 4463 τρηχαλέων
1085 4391 1202 4462 accepit.
1251 4392 1310 4444 Nec
1334 4391 1426 4444 minus

288 4475 430 4531 adsentiar
449 4477 625 4533 coniecturae
643 4478 782 4549 ἐφλέχθης
799 4495 849 4548 pro
869 4477 929 4534 cod.
948 4477 1088 4546 ἐπλάχθης
1106 4479 1142 4544 (v.
1156 4480 1192 4544 5).

840 4690 944 4719 -ι-ιιιιι-Γ

616 4730 716 4783 f
