3224 4946
654 293 971 365 -61-'

193 472 228 526 de
251 490 303 526 usu
330 471 544 541 spondaicorum
568 471 715 527 verborum
738 490 822 543 supra
847 473 960 529 condita
981 474 1019 544 (p.
1032 475 1086 543 50).
1125 475 1178 529 Sed
1201 477 1330 531 hocloco

193 558 239 610 καὶ
257 577 289 612 σε
306 577 393 612 unum
411 558 468 613 fere
486 559 654 614 vocabulum
674 562 724 614 est.

281 685 307 728 c.
332 684 416 748 quae
439 684 516 726 una
540 665 785 728 consonanti
807 665 970 748 finiuntur,

400 767 434 831 in
458 767 542 853 pede
587 767 604 830 I
647 767 682 831 II
725 767 778 832 ΙΙΙ
821 768 871 833 IV
914 769 946 834 V
990 769 1039 834 VI

571 868 780 953 314711)
835 875 853 933 5
907 909 949 920 —
993 873 1049 955 22)

285 973 305 1038 ¹)
325 989 350 1025 a.
369 971 413 1025 72:
434 967 570 1042 α’μφιθέει
589 990 595 1002 ·
613 974 651 1041 πῇ
673 973 734 1043 μὲν
751 972 806 1045 γάρ
824 971 977 1047 ἐπέρχεται.
1012 974 1072 1028 Hoc
1092 975 1153 1029 loco
1171 992 1249 1030 rarus
1267 993 1333 1029 usus

194 1057 311 1111 fortasse
329 1057 474 1126 anaphora
493 1061 647 1124 excusatur,
667 1075 739 1127 quae
757 1059 884 1128 sequitur
902 1059 932 1112 in
950 1079 975 1115 r.
989 1059 1022 1114 74
1040 1062 1081 1130 πῇ
1098 1060 1137 1114 δέ.

284 1146 305 1213 ²)
324 1145 364 1198 De
382 1145 583 1215 monosyllabis
604 1145 635 1199 in
657 1145 752 1200 ultimi
770 1146 850 1215 pedis
878 1149 907 1201 et
929 1147 984 1201 arsi
1003 1148 1031 1200 et
1049 1148 1121 1201 thesi
1140 1148 1240 1217 positis
1259 1149 1332 1203 infra

196 1231 296 1286 dicam.

284 1345 314 1412 d.
336 1344 441 1409 Multo
459 1347 592 1432 saepius
608 1347 818 1412 inveniuntur
832 1348 1067 1434 monosyllaba,
1090 1369 1173 1433 quae
1190 1355 1332 1412 natura

196 1451 1093 1603 longasuntmareiumrvvvr

614 1638 1091 1723 mmmmm-

286 1741 306 1810 ¹)
325 1742 410 1794 afifi:
430 1741 497 1800 λᾶας
515 1740 568 1800 ἑείς
585 1757 592 1770 ·
611 1737 644 1794 ου’
660 1740 728 1811 μήν
745 1744 878 1816 περιηγέϊ.
906 1743 945 1798 cf.
964 1743 990 1799 b.
1009 1743 1073 1797 adn.
1092 1744 1113 1799 Ι.
1149 1745 1254 1798 lterum
1276 1761 1333 1798 me·

197 1829 306 1880 moratu
331 1826 449 1896 dignum
475 1826 546 1880 mihi
564 1827 689 1893 videtur,
716 1828 801 1882 trium
821 1829 933 1883 illorum
951 1846 1092 1897 versuum,
1112 1849 1229 1900 quorum
1248 1831 1334 1885 tertia

198 1913 267 1966 arsis
285 1913 479 1982 monosyllabo
499 1913 625 1982 efficitur,
644 1915 714 1968 duos
732 1915 822 1970 inesse
840 1915 870 1968 in
888 1916 1015 1970 ambonis
1035 1917 1229 1987 descriptione.

283 2035 325 2101 ΙΙ.
361 2036 575 2122 Disyllaba
598 2043 725 2116 autem,
749 2058 833 2122 quae
856 2039 1015 2124 producta
1037 2039 1126 2104 finali
1149 2040 1276 2125 syllaba
1299 2040 1333 2103 in

197 2141 392 2206 hexametro
416 2147 628 2226 usurpantur,
656 2145 773 2204 natura
796 2147 852 2204 aut
874 2142 1064 2227 pyrrhichia
1087 2149 1144 2208 aut
1167 2142 1334 2206 trochaica

198 2249 281 2310 sunt.
328 2243 557 2308 Producuntur
579 2265 599 2308 a
621 2243 726 2308 Paulo

243 2371 270 2429 l.
294 2365 549 2452 pyrrhichio,

284 2492 313 2534 a.
338 2491 421 2555 quae
443 2469 562 2534 brevi
584 2469 716 2534 vocali
739 2470 964 2550 terminantur,

455 2573 488 2637 in
510 2574 576 2638 arsi
642 2571 678 2635 II
727 2571 781 2636 III
839 2571 888 2636 IV
948 2571 980 2636 V
1036 2571 1086 2636 VI

624 2674 697 2760 11¹)
721 2674 793 2762 -e
828 2674 905 2760 ³⁵³>
929 2675 1001 2756 —o

287 2779 308 2844 ¹)
327 2777 415 2831 Paulo
441 2776 556 2830 liberior
579 2777 625 2831 hie
644 2795 709 2831 usus
728 2777 809 2830 Pauli
828 2779 870 2830 est
888 2794 973 2845 quam
991 2776 1087 2830 Nonni
1105 2779 1134 2830 et
1153 2777 1333 2832 Christodori.

201 2863 357 2918 Occurrunt
370 2863 444 2916 enim
457 2865 568 2932 praeter
579 2863 801 2932 praepositiones
819 2865 892 2918 solas
910 2864 945 2917 ab
958 2863 1000 2917 his
1015 2863 1107 2933 poetis
1119 2863 1254 2918 admissas
1266 2864 1335 2918 haec

200 2965 311 3018 quoque
329 2948 478 3004 vocabula:
496 2947 551 3015 ὅδε,
571 2947 625 3014 ὅτε,
643 2947 704 3016 ὅσα,
723 2949 780 3016 δύο,
799 2941 880 3018 βαθύ,
898 2948 977 3020 μίγα,
995 2949 1073 3016 πολύ,
1090 2953 1148 3002 ἴσα.

289 3038 311 3104 ²)
331 3036 370 3091 Cf.
389 3036 506 3106 pota.
525 3037 589 3092 adn.
608 3037 629 3090 Ι.

288 3126 310 3192 ³)
329 3123 361 3177 In
379 3123 414 3177 24
428 3141 471 3178 vv.
490 3125 569 3178 muta
587 3125 616 3178 ct
633 3121 743 3192 liquida
761 3122 910 3192 positionis
928 3140 1027 3178 causae
1046 3124 1118 3177 sunt.

286 3211 308 3280 ⁴)
327 3211 360 3263 In
378 3209 548 3280 pentametri
566 3209 622 3264 arsi
635 3209 668 3264 V.
687 3210 774 3264 talem
787 3209 924 3278 syllabam
936 3211 1048 3264 finalem
1061 3208 1225 3278 productam
1239 3207 1334 3262 inveni

199 3297 229 3350 in
248 3297 280 3352 Α.
300 3297 328 3350 Ρ.
347 3297 444 3362 Van,
456 3298 480 3352 6.
499 3297 563 3367 μέλι
580 3295 726 3368 στομάτων
745 3299 774 3350 et
791 3296 880 3361 250,6
898 3295 969 3350 κατά
986 3294 1138 3366 στομάτων.

285 3402 315 3468 b.
340 3423 424 3487 quae
449 3409 571 3467 exeunt
593 3401 627 3466 in
650 3425 691 3466 αι
715 3407 770 3465 aut
793 3423 841 3482 οι,

445 3507 478 3570 in
501 3506 567 3571 arsi
633 3503 668 3568 ΙΙ
713 3503 766 3568 ΙΙΙ
810 3501 858 3568 IV
905 3503 934 3568 V
978 3502 1028 3567 VI
1111 3504 1128 3582 j

646 3613 660 3670 1
720 3645 761 3656 -
828 3611 847 3672 6
891 3644 933 3655 —
986 3643 1027 3654 -

287 3735 314 3779 o.
338 3733 422 3798 quac
445 3733 522 3776 una
544 3712 786 3776 consonanti
807 3711 974 3792 finiuntur,

448 3815 481 3878 in
505 3816 570 3880 arsi
635 3814 671 3879 II
714 3815 769 3878 ΙΙΙ
812 3814 862 3879 IV
905 3813 937 3878 V
981 3811 1030 3875 VI

635 3921 676 3982 40
722 3956 762 3965 -
817 3920 858 3981 99
904 3952 943 3963 -
989 3953 1030 3962 -

287 4022 317 4086 d.
342 4021 575 4086 vocabulorum
597 4020 854 4086 iambicorum
877 4017 1024 4104 syllabae
1041 4015 1157 4080 finales
1173 4021 1337 4101 ponuntur

448 4125 482 4188 in
505 4125 570 4189 arsi
634 4123 670 4187 ΙΙ
713 4122 766 4188 ΙΠ
808 4121 858 4187 IV
902 4121 934 4186 V
977 4119 1027 4185 VI

635 4231 674 4293 73
720 4228 779 4311 6¹)
805 4230 865 4292 177
901 4263 940 4273 -
986 4261 1028 4272 -

291 4335 311 4402 ¹)
330 4332 389 4386 Hac
401 4331 431 4385 in
443 4347 472 4386 re
485 4329 657 4385 observanda
669 4345 736 4400 prae
749 4328 848 4384 ceteris
859 4325 1018 4383 Nonnianis
1031 4324 1135 4379 Paulus
1148 4340 1258 4380 severus
1268 4327 1336 4391 erat,

202 4423 235 4474 ut
259 4436 348 4490 paene
370 4419 473 4474 vitasse
496 4435 559 4472 eum
581 4417 611 4470 in
632 4415 833 4485 semiquinaria
850 4415 1017 4472 vocabulum
1036 4409 1185 4468 iambicum
1203 4412 1336 4468 dieamus.
