3224 4946
652 308 864 368 ,77-

272 475 343 541 1155
367 477 475 541 151555
499 497 572 541 1515
597 477 940 542 substantivorum
966 476 1117 541 declinat.
1134 477 1160 541 Ι.
1177 478 1324 562 syllabae

186 580 302 644 finales
337 605 381 644 -o
416 587 473 645 551
503 605 569 644 -αν
598 581 630 644 15
660 581 775 645 ultima
805 581 990 644 hexametri
1022 580 1108 645 thesi
1141 589 1325 647 occurrunt.

190 683 300 748 Semel
323 684 462 748 Nonnus
486 683 622 748 verbum
646 681 750 764 πέζαν
772 683 834 747 hoo
858 684 930 746 loco
946 684 1064 767 posuit,
1089 683 1175 768 quod
1197 706 1238 749 55
1262 707 1326 748 555

189 793 280 851 15515
311 786 523 852 Ludwichius
555 787 628 870 (1.1.
651 808 682 872 p.
702 785 757 870 79)
786 787 819 848 15
849 784 993 850 dativum
1026 784 1108 873 πέζῃ
1139 789 1325 866 mutaverit,

193 890 346 975 equidem
362 890 487 955 dubito.
532 890 616 954 Nam
634 890 773 975 primum
797 889 829 952 in
846 887 1031 952 1155115551
1054 911 1152 954 versu
1166 888 1231 972 (48,
1252 892 1326 973 170)

189 1017 251 1080 quo
269 995 309 1059 de
322 995 458 1060 Pallene
474 996 600 1080 virgine
619 995 708 1058 humi
725 999 890 1079 prostrata
905 995 1022 1078 agitur,
1040 995 1158 1059 melius
1175 993 1238 1058 diei
1255 1017 1327 1059 oum

190 1101 301 1166 dativo
324 1097 383 1165 ἐπὶ
407 1097 489 1187 πέζῃ
514 1100 683 1180 existimo,
707 1106 776 1163 tum
800 1105 910 1163 autem
935 1099 1049 1164 eadem
1073 1099 1155 1164 haec
1179 1100 1327 1164 clausula

190 1205 288 1268 etiam
312 1203 399 1290 apud
422 1203 562 1268 Paulum
585 1203 706 1288 legitur
730 1203 760 1286 (I
777 1205 869 1286 251);

811 1301 855 1378 ὧν
877 1306 945 1378 ὑπὸ
968 1311 1072 1394 πέζαν

343 1415 449 1497 κίονες
472 1410 644 1503 ἱδρύσαντο
667 1412 813 1506 καρήατα
836 1415 955 1500 δέσμια
977 1417 1097 1504 χαλκῷ.

190 1532 229 1596 15
244 1532 488 1618 epigrammatis
502 1531 583 1594 haec
598 1530 723 1594 iuveni:
747 1529 795 1592 VI
810 1533 859 1610 75,
874 1534 892 1592 5
908 1524 1012 1614 νεαρά.
1048 1529 1096 1593 111
1113 1533 1164 1610 54,
1182 1533 1200 1592 5
1216 1525 1326 1615 χορδαί.

191 1635 274 1699 XVI
293 1637 362 1712 118,
381 1638 399 1698 3
424 1630 539 1699 ἕκείνα.
586 1633 702 1714 1157,
719 1639 749 1700 4.
768 1637 786 1695 7
811 1628 973 1719 αἱγανέαν,
989 1629 1129 1718 χορείαν.
1175 1633 1291 1713 11184,
1313 1639 1321 1694 1

190 1733 296 1803 λαιάν.
322 1741 409 1818 84,6
433 1731 631 1823 Νικαγόραν.

278 1841 400 1907 Contra
439 1841 683 1927 participiorum
717 1841 934 1904 nominativus
970 1841 1143 1924 singularis
1181 1841 1328 1923 feminini

192 1966 297 2030 neque
321 1944 407 2031 apud
422 1944 574 2008 Nonuum
598 1965 705 2028 neque
728 1942 815 2029 apud
838 1943 976 2006 Paulum
1000 1944 1056 2006 fini
1078 1964 1194 2008 versus
1220 1944 1329 2006 obstat

195 2049 251 2133 (oi.
274 2049 452 2114 1177173
477 2042 584 2112 ἰοῦσα.
609 2046 719 2110 11442
743 2046 890 2112 δεθεῖσα.
915 2049 978 2109 222
1001 2038 1262 2134 ἆμφιβαλοῦσα).

279 2176 322 2215 -α
354 2152 480 2237 syllaba
508 2151 643 2236 pluralis
672 2151 802 2236 generis
832 2155 938 2213 neutr.
961 2150 1113 2215 declinat.
1138 2150 1200 2232 11.,
1232 2171 1328 2235 quam

193 2257 370 2320 clausulam
388 2255 474 2342 apud
489 2255 628 2318 Paulum
646 2255 850 2318 substantiva
874 2261 906 2318 51
923 2255 1082 2318 adiectiva
1099 2254 1258 2321 exhibent
1274 2251 1328 2337 (cl.

196 2360 400 2425 11118νῶ55.
446 2359 481 2422 11
498 2361 559 2423 458
576 2351 702 2441 ὁμοῖα),
727 2379 792 2421 555
814 2358 946 2421 5515155
968 2359 1071 2422 vitata
1095 2365 1147 2423 est
1169 2357 1328 2433 5115555,

195 2472 232 2529 51
254 2464 462 2529 Ludwichius
485 2469 628 2529 testatur
650 2465 695 2548 (p.
713 2460 779 2546 79).
802 2499 844 2508 -
872 2462 910 2525 15
934 2463 1177 2548 participiorum
1201 2483 1329 2547 quoque

195 2569 394 2632 nominativo
410 2567 527 2652 plural.
543 2571 648 2631 neutr.
665 2566 748 2630 haec
764 2567 911 2629 51555515
927 2566 1033 2630 155551
1051 2571 1150 2630 15551.
1168 2566 1208 2632 cf.
1226 2587 1254 2632 a.
1271 2569 1330 2628 115

196 2669 347 2759 φανέντα.
392 2671 487 2734 1106
511 2667 677 2735 κλιθέντα.

283 2775 484 2860 Saepissime
509 2779 618 2838 autem
641 2779 820 2858 usurpatur
842 2773 925 2836 decl.
948 2773 1010 2837 ΙΙΙ.
1035 2773 1241 2837 accusativus
1265 2773 1330 2835 sin-

197 2879 274 2964 gul,
299 2879 409 2963 quiin
432 2901 472 2941 -o
494 2877 563 2940 exit
586 2875 726 2961 (seilicet
749 2876 920 2938 masculini
942 2876 1090 2959 generis,
1114 2895 1190 2938 nam
1217 2882 1333 2938 neutra

196 2981 417 3066 repudiantur.
449 2980 499 3046 (tf.
529 2979 643 3044 Ludw.
676 3003 708 3065 p.
731 2982 802 3061 79);
825 2979 857 3041 15
881 2978 975 3042 Ρ5511
1001 2979 1143 3041 carmine
1166 2979 1227 3041 hos
1251 2979 1331 3041 duos

197 3087 324 3151 iuveni:
346 3085 467 3166 χιτῶνα
501 3083 760 3168 (5131115555
789 3081 1061 3167 5555111555551,
1086 3082 1126 3145 of.
1153 3087 1180 3162 1,
1198 3083 1274 3167 480)
1299 3090 1332 3146 51

197 3183 311 3254 ἑλόντα
333 3187 467 3273 (1125).

283 3293 407 3357 1151515
431 3290 586 3355 adverbia
608 3289 641 3352 iu
665 3313 687 3352 α
710 3289 867 3352 exeuntia
895 3287 982 3373 apud
1005 3293 1178 3372 utrumque
1201 3293 1331 3374 poetam

198 3397 381 3460 hexametri
396 3395 561 3459 clausulae
576 3393 739 3456 contraria
752 3399 827 3457 sunt
838 3413 903 3455 uno
915 3391 1073 3455 vocabulo
1086 3386 1169 3455 ἔνθα
1180 3397 1332 3477 excepto,

198 3521 272 3585 quo,
296 3521 368 3563 cum
387 3498 491 3563 semel
513 3498 546 3560 in
562 3495 671 3559 Nonni
689 3497 829 3559 carmine
846 3495 1038 3581 reperiatur,
1054 3494 1176 3558 Paulus
1193 3495 1333 3558 usitatur

198 3605 231 3666 in
255 3625 315 3667 sex
339 3622 454 3666 versus
478 3599 596 3664 finibus
621 3598 742 3682 (1248.
766 3597 890 3665 11151.
914 3619 943 3663 5.
969 3600 1029 3661 106
1054 3594 1140 3681 etc).

284 3706 424 3770 Omnino
449 3710 559 3768 autem
575 3702 711 3766 Nonnus
735 3703 875 3766 exclusit
898 3724 940 3765 ex
965 3702 1024 3765 bac
1046 3701 1229 3764 hexametri
1254 3699 1332 3763 sede

197 3810 311 3874 verbi
334 3809 443 3872 finiti
466 3807 588 3870 formas
616 3807 649 3870 in
672 3829 694 3869 α
717 3812 774 3869 551
796 3829 837 3868 αν
860 3811 1029 3868 exeuntes.
1076 3801 1149 3876 Qua
1171 3802 1211 3866 dc
1235 3824 1334 3866 eausa

198 3915 301 3978 solam
331 3910 515 3977 huiusmodi
545 3911 683 3974 formam
710 3904 869 3994 χάραξαν,
900 3927 983 3991 quae
1007 3907 1126 3990 legitur
1154 3908 1186 3970 in
1211 3905 1332 3970 Graefii

199 4017 341 4082 editione
364 4015 487 4094 11277,
510 4013 720 4077 Ludwiehius
732 4014 755 4094 ¹)
779 4013 905 4091 eadem,
927 4017 964 4074 51
986 4009 1123 4089 videtur,
1148 4011 1334 4073 coniectura

198 4125 304 4188 eicere
325 4121 436 4203 voluit,
460 4141 557 4205 quam
574 4118 723 4184 Graefius
748 4139 864 4182 sensus
886 4137 1015 4182 conexu
1039 4115 1190 4180 inductus
1218 4116 1251 4178 in
1275 4115 1332 4178 ad-

197 4264 402 4272 ———-——

287 4350 308 4415 ¹)
327 4347 411 4401 Beitr.
430 4364 455 4415 p.
470 4345 517 4407 803
543 4361 608 4398 uam
631 4343 660 4396 in
683 4343 776 4396 annal.
796 4342 865 4410 phil.
884 4341 953 4404 clx,
972 4359 999 4409 p.
1015 4341 1067 4394 452
1089 4357 1150 4392 5515
1175 4339 1258 4392 aliter
1276 4354 1334 4392 eor·

199 4433 304 4486 rexisse
322 4433 395 4485 infra
414 4431 618 4499 intellegemus.
