3224 4946
684 289 898 349 ..73-

222 456 512 521 animadvertimus
536 458 759 542 correptiones
781 459 815 520 in
830 459 938 544 priore
961 458 1046 521 thesi
1069 458 1163 544 pedis
1178 457 1242 523 HI.
1256 465 1291 522 ot
1305 458 1358 539 V.,

222 581 357 644 quorum
374 581 533 625 caesurae
555 562 661 625 trooh.
678 569 800 646 quanta
821 564 887 625 sint
903 563 1089 646 frequentia
1107 561 1193 648 apud
1208 561 1360 625 Paulum.

223 685 322 748 supra
344 665 568 728 intelleximus
625 666 692 731 Sed
722 687 780 730 cur
807 665 922 730 eadem
944 667 1000 729 lex
1021 688 1087 730 non
1111 666 1207 730 cadat
1230 667 1263 730 in
1287 687 1358 730 cor-

224 768 391 852 reptiones
414 768 448 830 in
470 769 576 832 altera
592 768 714 854 dactyli
736 770 824 834 thesi
847 770 983 854 positas,
1006 791 1059 834 me
1083 769 1214 854 quidem
1233 771 1359 833 nescire

224 871 392 934 confiteor.
437 871 561 936 Paulus
584 873 645 937 hac
668 875 876 958 correptione
899 874 1003 936 utitur
1024 874 1058 936 iu
1080 873 1165 958 pede
1182 873 1240 939 IV.
1264 873 1359 952 etl,

222 977 243 1038 i.
269 997 298 1039 e.
321 982 399 1039 ante
427 975 613 1040 bucolicam
644 978 877 1041 creberrimam
907 984 942 1041 et
968 983 1045 1041 ante
1076 977 1240 1042 diaeresin
1262 978 1359 1062 primi

222 1078 327 1164 pedis,
349 1099 433 1164 quae
449 1081 568 1164 etipsa
583 1081 795 1144 usitatissima
810 1087 859 1144 est
875 1081 931 1164 (cf.
943 1103 975 1166 p.
986 1085 1052 1156 47).
1097 1080 1215 1164 Itaque
1231 1083 1360 1146 etiamsi

221 1181 379 1260 Nonnus,
413 1203 478 1266 qua
511 1190 582 1246 erat
611 1185 802 1264 severitate,
837 1185 921 1248 hanc
957 1185 1196 1268 correptionem
1226 1185 1358 1248 omnino

222 1307 328 1371 paene
358 1287 497 1350 removit
524 1307 566 1350 ex
595 1288 805 1366 hexametro,
829 1295 939 1352 tamen
962 1309 1027 1352 non
1051 1294 1131 1366 erat,
1156 1309 1213 1351 cur
1235 1288 1358 1352 Paulus

221 1390 255 1452 in
274 1391 455 1475 posteriore
472 1391 558 1454 thesi
574 1392 636 1456 sibi
651 1375 716 1456 non
732 1399 931 1478 proponeret
945 1392 1082 1455 eandem
1098 1392 1205 1476 legem
1218 1413 1358 1476 sequen·

221 1495 314 1574 dam,
345 1516 410 1579 qua
437 1496 601 1581 correptio
627 1498 660 1560 in
692 1498 800 1583 priore
830 1497 917 1560 thesi
939 1496 1200 1582 permittebatur.
1243 1495 1358 1580 Neque

222 1599 317 1662 huius
338 1599 448 1662 Nonni
471 1599 690 1665 abstinentiae
714 1621 831 1664 causas
853 1601 1015 1685 quaesivit
1031 1598 1279 1679 Scheindlerus,
1301 1600 1359 1664 sed

221 1709 325 1768 totum
353 1725 389 1767 se
411 1703 590 1787 adplicavit
611 1703 654 1767 ad
676 1703 880 1784 Hartelium,
904 1705 959 1788 qui
981 1704 1014 1767 in
1039 1703 1124 1767 stud.
1148 1703 1314 1768 Homeric.
1330 1704 1358 1784 I,

222 1831 254 1894 p.
271 1810 311 1872 84
335 1806 503 1870 contendit
525 1808 558 1870 in
578 1809 761 1892 posteriore
785 1807 906 1891 dactyli
930 1808 1022 1872 brevi
1038 1809 1279 1892 correptionem
1301 1814 1358 1872 att.

224 1913 357 1977 vitatam
383 1933 456 1976 esse
479 1911 570 1992 ideo,
599 1913 685 1997 qnod
707 1933 790 1990 vox,
819 1935 902 1998 quae
930 1936 951 1978 a
971 1913 1090 1998 prioris
1112 1912 1206 1998 pedis
1229 1913 1294 1976 arsi
1317 1913 1359 1976 ad

225 2017 393 2102 sequentis
426 2017 514 2079 arsin
542 2038 720 2102 properare
750 2018 914 2097 studeret,
945 2017 1072 2081 duabus
1105 2017 1358 2081 consonantibus

221 2130 294 2208 post
325 2120 433 2184 thesin
458 2121 670 2206 posteriorem
705 2123 819 2206 positis
853 2123 952 2185 nimio
986 2121 1219 2186 retardaretur.
1269 2121 1358 2184 Huic

221 2232 332 2290 autem
355 2225 511 2310 opinioni,
535 2245 732 2309 quamquam
755 2225 788 2288 in
803 2225 994 2289 universum
1017 2247 1090 2290 eam
1114 2247 1177 2288 non
1199 2223 1359 2309 improbo,

220 2336 331 2393 tamen
353 2349 432 2391 usus
454 2327 660 2407 diaeresium,
678 2329 808 2413 qualem
824 2329 1033 2413 cognovimus
1057 2350 1099 2392 ex
1114 2328 1358 2392 Nonnianorum

219 2434 400 2519 poematis,
430 2433 632 2516 aliquantum
661 2455 847 2518 repugnare
876 2433 1016 2499 videtur.
1061 2433 1236 2498 Bucolicae
1261 2434 1359 2514 enim,

221 2537 314 2600 cuius
336 2535 423 2621 apud
452 2536 525 2599 illos
549 2543 663 2620 poetas
686 2537 905 2621 frequentiam
930 2544 963 2602 et
986 2539 1053 2601 vim
1078 2539 1142 2601 iam
1167 2539 1246 2600 satis
1269 2559 1357 2601 oom-

220 2641 375 2726 perimus,
399 2639 605 2702 intervallum
629 2639 792 2724 quoddam
812 2640 1010 2705 antecedere
1034 2647 1173 2726 oportet,
1197 2663 1262 2704 non
1285 2663 1357 2704 raro

221 2745 295 2830 ipsa
309 2743 572 2830 interpunctione
585 2744 682 2829 plane
695 2744 882 2808 indicatum.
906 2746 1023 2830 ltaque
1036 2745 1121 2809 hanc
1131 2767 1206 2810 esse
1215 2766 1357 2821 causam,

220 2871 278 2913 cur
300 2847 423 2912 Paulus
455 2848 555 2911 talem
584 2849 824 2932 correptionem
848 2871 912 2912 non
934 2849 1095 2927 vitaverit,
1118 2849 1197 2912 mihi
1220 2870 1356 2934 persua-

223 2975 295 3017 sum
318 2958 381 3030 est,
406 2951 598 3036 praesertim
622 2973 695 3015 cum
719 2951 828 3016 brevis
852 2953 909 3016 illa
933 2953 1060 3037 syllaba
1083 2959 1159 3017 ante
1176 2953 1355 3017 bucolicam

220 3058 329 3143 posita
362 3055 447 3119 inter
484 3058 522 3117 14
555 3075 669 3118 versus
700 3057 812 3120 sexies
848 3057 1110 3142 interpunctione
1147 3079 1166 3120 a
1200 3063 1290 3120 muta
1323 3064 1357 3120 et

219 3159 342 3245 liquida
372 3159 511 3244 proximi
538 3159 630 3222 verbi
662 3166 864 3244 segregetur.
923 3158 973 3223 Of.
1003 3181 1053 3224 vv.
1082 3161 1099 3223 l
1125 3163 1197 3223 249.
1228 3159 1262 3222 ΙΙ
1285 3163 1354 3224 155.

220 3267 283 3327 400
305 3264 345 3327 al.
391 3263 476 3326 Item
499 3263 533 3326 in
556 3263 650 3347 primi
676 3263 772 3349 podis
795 3263 934 3328 dioercsi
956 3263 1022 3326 vim
1052 3263 1214 3347 quandam
1246 3263 1355 3327 inesse

221 3389 319 3453 supra
341 3388 373 3451 p.
389 3369 429 3429 47
454 3367 605 3452 exposui.

308 3469 374 3536 Sed
386 3470 488 3534 multo
500 3471 624 3534 maiore
639 3491 711 3534 cum
725 3472 899 3537 severitate
914 3472 1036 3536 Paulus
1048 3471 1201 3534 Nonnum
1224 3477 1355 3536 secutus

221 3581 273 3640 est
294 3575 328 3638 in
351 3574 557 3659 correptione
581 3575 681 3638 attica

305 3679 338 3744 b.
362 3678 400 3741 in
422 3679 522 3763 ipsis
546 3678 684 3742 verbis
707 3677 903 3744 adhibenda.

304 3781 357 3844 Ex
389 3787 457 3844 toto
489 3780 621 3865 quidem
649 3781 756 3845 Nonni
786 3783 929 3846 camnine
959 3783 1100 3866 quinque
1123 3781 1239 3858 verba,
1271 3803 1354 3866 quae
1416 3867 1418 3871 ι

219 3885 387 3970 patiuntur
410 3884 494 3948 hano
518 3885 769 3970 correptionem,
794 3892 985 3950 enumerata
1008 3893 1083 3948 sunt
1105 3884 1354 3949 aScheindlero

219 3990 255 4075 (l.
280 3990 301 4054 l.
324 4010 355 4073 p.
381 3991 445 4070 64).
500 3987 585 4052 Satis
616 3995 816 4053 excusantur
850 4013 912 4054 usu
945 3989 1095 4053 Homeri.
1148 3991 1232 4054 Sunt
1268 3991 1354 4058 enim

218 4093 316 4159 haec:
336 4087 525 4180 Ἡρακλέης,
539 4086 730 4182 Ἀφροδίτη,
747 4089 929 4182 ἀλλοτρίου,
952 4088 1216 4180 ἆλλοπρόσαλλα,
1230 4087 1354 4182 Ἀμφι-

217 4192 332 4281 τρύων.
379 4196 551 4262 Oolluthus
579 4219 706 4284 quoque
737 4207 770 4265 et
800 4200 1035 4286 Triphiodorus
1065 4207 1098 4264 et
1121 4199 1354 4264 christodorus

219 4301 276 4385 (cl.
299 4301 438 4386 Baumg.
462 4323 493 4386 p.
513 4300 569 4387 48)
598 4303 631 4365 in
660 4303 740 4366 solis
763 4304 950 4368 nominibus
974 4303 1115 4390 propriis
1138 4303 1200 4368 hoo
1223 4325 1353 4389 correp-

219 4405 317 4468 tionis
335 4425 457 4489 genere
481 4425 554 4468 raro
578 4406 629 4468 usi
654 4412 738 4470 sunt.
785 4406 862 4492 Ipse
878 4407 1001 4471 Paulus
1024 4407 1075 4471 bis
1100 4419 1171 4472 eam
1189 4405 1355 4479 adhibuit;
